3710 5346
549 263 661 304 ,CAPUT
679 239 774 303 nsum
794 263 1035 303 CONSTITUTIONE
1055 267 1142 304 DOTIS
1366 293 1368 298 ·
1486 323 1488 332 Α
1507 258 1540 306 75
1581 255 1582 264 ¹

172 380 332 438 ‚muliere
355 375 552 438 ooniunotas
576 380 750 454 paullatim
768 397 808 439 eo
820 380 1042 458 legislatio>
1013 383 1186 461 pervenit,
1203 385 1243 442 ut
1266 383 1409 444 officium
1436 401 1538 460 penes
1605 464 1608 467 Α

117 511 121 516 ·
192 485 324 546 easdem
348 483 521 582 admiserit
544 485 632 544 dotis
671 486 944 568 eonstituendae;
980 504 1045 604 quo
1084 488 1118 546 in
1157 506 1238 550 oasu
1256 490 1323 550 dos
1346 492 1534 552 necessaria

193 593 313 658 evasit.
416 593 418 596 ’
1200 647 1202 653 .

167 779 169 783 ⁴
258 700 360 759 11-
384 699 416 775 a)
430 700 640 759 detrudentes
658 702 791 778 poterut·
813 701 1009 779 -ltxlege
1022 701 1164 762 Iuliade
1189 701 1389 784 maritandis
1414 704 1538 762 ordini-

188 807 256 867 bus
278 810 374 882 pater
397 822 549 880 avusque
572 808 733 880 paternus
757 799 866 866 filiam
898 807 1016 866 dotare
1039 807 1247 882 cogebantur
1271 809 1323 884 (3).
1349 809 1443 881 Quae
1467 805 1538 884 qui'-

192 915 268 974 dem
292 911 462 988 obligatio
477 913 576 971 otiam
601 913 643 972 ad
682 913 783 972 filiam
824 915 1065 988 emancipatam
1085 931 1086 935 ¹
1106 915 1363 993 extendebatur,
1388 917 1536 991 quando·

170 1001 172 1006 '
191 1027 333 1095 eumque
357 1020 430 1094 ipsa
452 1023 512 1080 aut
533 1020 619 1078 nibil
635 1023 694 1078 aut
710 1038 827 1094 parum
844 1020 886 1080 de
902 1036 962 1080 suo
979 1021 1137 1080 habuerit
1161 1019 1226 1100 (4)·
1239 1023 1415 1104 paternum
1440 1024 1538 1098 siqui-

192 1128 268 1186 dem
295 1126 439 1186 oftloium
466 1126 642 1186 est-filiam
666 1126 792 1212 dotare.
818 1127 900 1201 Imo,
918 1128 997 1186 lieet
1021 1128 1229 1202 disputatum
1254 1132 1354 1208 esset,
1372 1106 1438 1189 fuit
1461 1130 1540 1190 dein

13 1284 17 1294 .
88 1272 89 1278 κ
191 1233 371 1300 admissum
389 1233 479 1308 quod
492 1249 519 1292 s1
533 1236 628 1307 pater
644 1231 852 1306 promrsrsset
868 1233 927 1292 do
914 1237 981 1292 em
997 1251 1067 1308 pro
1065 1235 1152 1318 filia
1170 1234 1223 1292 oui
1241 1236 1337 1294 erant
1360 1236 1427 1296 aba
1441 1236 1539 1317 bona,
1589 1215 1609 1281 s

191 1341 245 1400 de
258 1341 355 1426 bonis
379 1342 432 1402 sui
455 1340 672 1400 constituisse
695 1339 879 1417 rideretur,
904 1339 968 1400 nisi
993 1341 1087 1416 penit
1090 1357 1129 1400 us
1145 1341 1259 1455 inopia
1282 1342 1470 1404 laborasset
1485 1345 1540 1404 vel
1573 1365 1575 1370 ·

52 1483 55 1494 ·
144 1473 160 1511 ,·
192 1449 291 1508 aliter
315 1422 519 1526 declarasset
544 1445 599 1521 (5).

119 1643 125 1654 ι
304 1555 336 1632 5)
360 1554 430 1614 Mat
418 1561 465 1639 ter
486 1587 529 1598 -
554 1555 656 1613 Matri
680 1571 814 1630 quoque
848 1555 1006 1630 imposita
1029 1557 1095 1615 fuit
1119 1556 1280 1632 obligatio
1304 1557 1455 1637 dotandi,
1480 1560 1540 1619 sed

191 1657 424 1722 tantummodo
448 1677 491 1720 ex
514 1676 634 1735 magna
669 1655 704 1719 et
742 1661 908 1735 probabili
948 1679 1049 1722 eausa
1073 1662 1225 1738 rellego
1250 1665 1304 1738 (6).
1331 1663 1449 1736 Quoad
1473 1681 1542 1726 ma:

192 1786 292 1846 gnam
313 1773 349 1844 et
373 1766 579 1842 probabilem
603 1783 747 1827 oausam:
772 1769 992 1856 eorumuniter
1015 1769 1207 1828 admittitur
1230 1771 1382 1830 extitisse
1407 1773 1541 1846 quando

80 1859 83 1864 ⁸
191 1877 262 1937 filia.
279 1869 380 1951 'inops
404 1877 544 1950 eiusque
568 1881 725 1950 parentes
749 1876 878 1950 paterni
903 1876 1058 1936 similiter
1081 1877 1197 1950 inopes
1232 1877 1287 1936 vel
1310 1879 1436 1941 mortui
1458 1878 1540 1939 fuis·
1555 1863 1569 1878 ⁵

192 1989 277 2047 sent.
303 1985 422 2058 Quoad
447 1985 565 2060 legem:
605 1990 727 2064 mater¹
749 1985 919 2044 baeretiea
940 1985 1089 2058 debebat
1113 1985 1212 2044 liliam
1239 1985 1457 2044 orthodoxam
1483 1985 1540 2045 do·

126 2099 131 2178 ss
191 2097 264 2152 tare
289 2091 341 2168 (7).
534 2167 535 2173 ¹
1008 2171 1012 2176 Ι
1446 2078 1448 2083 ’

264 2222 265 2228 ·
304 2202 332 2275 o)
356 2189 475 2260 Frater
499 2231 539 2241 -
564 2199 640 2258 Non
664 2205 716 2260 est
740 2202 879 2278 eertum,
904 2217 983 2257 num
1007 2199 1112 2258 frater
1135 2215 1267 2272 quoque
1292 2177 1334 2258 ad
1358 2177 1549 2258 dotaudam

192 2293 338 2368 sororem
373 2309 556 2367 teneretur.
593 2307 738 2382 Siquos
769 2308 930 2382 obligatio
961 2307 1148 2385 extitisset,
1184 2324 1251 2366 non
1276 2308 1364 2366 ultra
1392 2325 1539 2368 sororem

192 2433 381 2493 germanam
407 2419 442 2476 et
473 2416 755 2498 oonsanguineam
782 2415 987 2490 procedebat
1016 2416 1068 2493 (8),
1093 2431 1202 2489 neque
1226 2416 1291 2474 vim
1321 2399 1401 2494 vere
1419 2415 1539 2490 juridi-

192 2541 263 2584 cam
287 2509 528 2584 sed'moralem
552 2522 785 2582 tantummodo
809 2522 1005 2582 continebat
1030 2517 1084 2603 (9).

304 2629 337 2704 (1)
361 2629 479 2688 Mulier
501 2663 545 2672 -
569 2629 702 2688 Pariter
725 2647 792 2688 non
828 2632 880 2688 est
919 2631 1058 2707 eertum,
1098 2647 1177 2686 num
1202 2629 1322 2687 mulier
1346 2628 1379 2686 in
1405 2629 1541 2688 defectu

191 2737 337 2797 omnium
362 2736 641 2812 supradictorum,
660 2737 723 2810 qui
747 2740 944 2802 tenerentur
956 2736 1063 2810 ipsam
1076 2737 1201 2813 dotare,
1217 2737 1362 2797 civiliter
1378 2736 1539 2820 obligare·
1566 2733 1567 2736 ’

84 2901 86 2904 .
171 2847 247 2934 1ιιι
269 2845 312 2909 ad
336 2844 449 2904 dotem
474 2843 708 2918 praestandam
733 2843 897 2902 debonis
921 2845 991 2902 suis
1014 2838 1093 2918 (10).

715 3075 737 3179 t.
764 3109 817 3168 53.
847 3106 1018 3166 obtectam.

257 3378 275 3437 Ι
300 3409 342 3420 -
366 3376 544 3436 Obieotum
562 3353 651 3434 dotis
673 3373 829 3433 idoneum
855 3390 929 3434 esse
954 3373 1109 3433 debebat.
1143 3373 1304 3432 Idoneum
1329 3373 1561 3449 intelligeba.

190 3487 256 3563 tur,
281 3479 315 3544 sil
332 3483 568 3558 patrimonium
604 3482 715 3540 mariti
755 3482 905 3548 auxisset
930 3482 985 3540 vel
1009 3481 1081 3542 eius
1105 3478 1365 3556 patrisfamilias
1391 3482 1537 3542 Proinde
1597 3517 1598 3520 =
1667 3457 1672 3469 Ι

191 3591 376 3667 precarium
401 3607 469 3648 non
492 3589 613 3648 fuisset
636 3589 791 3648 idoneum
817 3588 997 3667 obiectum,
1022 3589 1100 3662 quia
1123 3589 1158 3646 in
1182 3605 1221 3648 eo
1245 3591 1460 3664 augmentum
1485 3607 1539 3664 pa-

107 3759 108 3762 ,
190 3697 340 3757 trimonii
363 3714 429 3756 non
446 3696 652 3756 ‚habebatur
678 3695 777 3768 Quod
801 3695 927 3770 pariter
951 3695 1128 3755 dicendum
1147 3695 1188 3754 de
1205 3693 1413 3756 eornmodato
1438 3698 1473 3755 et
1496 3696 1538 3756 de
1598 3729 1601 3734 ·
1665 3676 1666 3680 ¹

75 3795 78 3800 ’
175 3781 263 3892 Ι’ἱιιιθ
286 3803 448 3880 pignoris.

259 3913 294 3972 II
318 3945 360 3956 --
385 3911 456 3971 Dos
479 3911 640 3970 constitui
665 3913 823 3985 poteratz

252 4227 316 4280 31
339 4228 382 4289 19,
401 4240 490 4291 xx111,
512 4229 537 4278 2.
934 4222 1009 4291 (8)
1031 4226 1074 4284 12,
1096 4225 1121 4286 3,
1143 4224 1266 4285 xxvr,7

257 4299 317 4420 1l.
339 4297 372 4348 19
393 4300 453 4363 511.;
469 4300 489 4350 1.
507 4300 532 4360 6,
548 4311 666 4364 xxxvu,
688 4299 713 4361 6·
735 4297 842 4350 tto.
935 4294 1086 4363 (minimae.
1110 4262 1354 4358 Τν11,111,1,ν
1376 4297 1438 4362 579,
1460 4297 1485 4359 2,
1511 4311 1539 4350 v.

884 4369 943 4434 658,
963 4365 1029 4419 3v.
1052 4368 1103 4416 697
1124 4381 1180 4430 seq.
1246 4386 1250 4402 ι

252 4442 317 4490 51.
339 4441 406 4490 70.
428 4443 477 4493 eit.
687 4463 690 4467 ·
936 4407 994 4501 110)
1014 4439 1068 4488 Ριο
1096 4439 1266 4487 affirmativa
1295 4438 1416 4487 affertur
1430 4439 1449 4490 1,
1472 4435 1488 4487 9
1508 4439 1538 4491 O.

252 4513 316 4576 6).1
339 4515 383 4560 14
393 4514 422 4562 0.
444 4525 475 4578 v,
498 4514 539 4562 12.
881 4524 911 4572 v,
933 4512 977 4574 313
998 4512 1212 4574 prerogativa,
1234 4512 1251 4560 l.
1272 4510 1363 4574 32,2,
1385 4521 1440 4571 xit,
1463 4511 1488 4561 6.
1527 4559 1528 4564 ,

250 4584 627 4650 5511151615.
1475 4603 1476 4608 ¹
