3710 5346
257 1627 357 1727 Quas
386 1625 515 1736 paucis
544 1625 678 1721 abhinc
692 1629 807 1720 annis
822 1629 1114 1731 praelectiones
1140 1629 1413 1710 pandectarum
1442 1658 1553 1736 pu-

179 1753 274 1832 blica
301 1751 514 1844 habuimus,
545 1779 645 1854 3333
676 1756 712 1832 13
741 1755 866 1862 lucem
896 1755 1010 1834 edere
1040 1780 1147 1834 mens
1178 1757 1373 1856 13111133
1403 1761 1508 1860 quasi

178 1879 317 1982 aliquid
347 1880 435 1958 novi
464 1905 678 1994 proponere
720 1882 993 1992 putaverimus,
1023 1881 1104 1970 sed
1119 1883 1245 1985 331133
1270 1891 1324 1961 31
1337 1893 1508 1980 veterum

5 2030 38 2072 ,⁶
108 2046 110 2048 ·
178 2005 423 2110 recoleretur
438 1997 716 2109 discipulorum
751 2007 1167 2102 3333313313.1].3133333Δ
1205 2009 1347 2110 apertis
1386 1987 1510 2088 verbis

176 2130 340 2238 13133333·
369 2130 471 2234 quod
499 2131 729 2214 adamussim
757 2157 805 2218 33
837 2130 1164 2248 principalioribus
1192 2133 1303 2232 hac
1295 2158 1332 2210 m
1357 2159 1398 2212 rc
1418 2133 1508 2212 scri·
1596 2179 1608 2242 j

174 2255 349 2363 pleribus
386 2257 522 2362 omnia
554 2281 650 2371 3333
688 2257 895 2349 hausimus
936 2282 1098 2360 quorum
1137 2237 1287 2336 nomina
1321 2259 1358 2348 iu
1393 2259 1509 2339 altera

174 2381 379 2460 voluminis
408 2391 546 2490 parte
545 2393 805 2486 recensentur.
880 2385 882 2389 ’

255 2497 453 2620 llletlrodus
494 2533 651 2613 prorsus
693 2507 929 2596 scholastica,
969 2517 1084 2622 prout
1069 2465 1300 2616 talumnis
1328 2510 1510 2620 prodesse
1591 2507 1592 2510 ‘
1709 2497 1711 2502 l

108 2660 111 2664 ·
146 2629 389 2736 censemus,
418 2657 608 2750 quamque
648 2635 920 2740 praetergredi,
952 2646 1078 2715 nostra
1118 2611 1273 2747 quidem
1310 2640 1508 2743 333133113,
1536 2653 1549 2684 ν’
1600 2643 1618 2706 J
1807 2663 1808 2670 ¹
1850 2679 1853 2702 3

173 2783 288 2840 33333
322 2757 380 2858 331
401 2751 474 2837 cur
490 2759 682 2839 interdum
711 2761 803 2840 iuris
832 2763 978 2844 romani
1013 2770 1179 2866 systema
1209 2735 1509 2884 haudperfccte

173 2894 456 2991 cognoscatur
1148 2920 1152 2924 ²

130 3103 131 3114 Ν
255 3009 363 3088 Η333
393 3007 604 3088 ordinem
595 3035 633 3114 rn
676 2987 903 3092 tractatione
943 3013 1064 3091 secuti
1093 3037 1238 3114 snmus,
1267 2971 1321 3112 31,
1363 3009 1510 3114 duabus
1586 3099 1590 3113 ‚

174 3129 354 3234 eipsdem
385 3132 557 3248 partibus
594 3109 844 3237 distinctis⁷
835 3155 888 3214 m
908 3137 1030 3242 prima
1073 3161 1205 3241 earum
1230 3075 1425 3240 quidquid
1461 3139 1509 3218 ad

174 3258 268 3336 iuris
288 3258 472 3366 analysirn
502 3259 693 3352 conferret
713 3260 882 3360 breviter
910 3238 1219 3356 enucleareturs
1210 3289 1246 3342 1n
1268 3263 1385 3352 altera
1404 3291 1508 3358 vero,
1526 3326 1534 3339 .
1571 3261 1573 3264 ’

173 3383 292 3463 veluti
321 3376 368 3463 ad
397 3386 613 3492 synthesim
637 3392 892 3516 assurgentes⁷
922 3388 1124 3492 praecipua
1143 3389 1180 3467 in
1201 3390 1382 3531 appositis
1410 3392 1510 3470 uotis

174 3511 301 3617 locum
333 3511 568 3618 invenirent,
610 3536 708 3616 3333
744 3510 785 3616 13
825 3513 1121 3619 (11333131133333
1160 3518 1225 3592 vel
1253 3515 1426 3657 pressius
1463 3516 1509 3595 ad
1572 3581 1574 3586 s
1695 3553 1696 3556 ¹
1781 3519 1782 3522 ‘

72 3687 74 3696 ‚
173 3610 312 3715 erudit
286 3640 429 3746 atonem
451 3573 595 3719 reduci
623 3649 789 3742 possent.
822 3639 1063 3745 Quapropter
1081 3637 1269 3746 alumnus,
1279 3641 1413 3746 quiin
1434 3668 1508 3745 prr
1517 3731 1519 3736 ¹

174 3787 235 3840 ma
245 3743 375 3866 parte
417 3761 602 3862 didicit,
594 3787 631 3841 33
667 3765 783 3866 311333
815 3757 1053 3868 indigitatum
1089 3765 1158 3844 sibi
1196 3741 1461 3868 ulteriorem
1451 3792 1507 3890 33-

100 3967 135 3976 ,A
172 3887 303 3966 veniet
332 3890 443 3988 viam,
473 3913 560 3990 qua,
589 3891 621 3968 si
652 3890 808 3981 mavult,
839 3889 1116 3995 progrediatur

147 4010 149 4020 ’
204 4017 343 4105 F·ort
328 4017 431 4126 tasse
458 4017 543 4117 quis
573 4042 592 4097 a
622 4014 731 4102 331313
759 4026 917 4118 quaeret
954 4022 1114 4098 curnam
1150 4017 1276 4120 lingua
1307 4017 1421 4097 latina
1451 4019 1508 4097 usi
1538 4087 1539 4091 a

173 4092 371 4222 fuerimus.
401 4137 743 4252 Multiplexpratio:
775 4153 855 4222 tum
885 4144 973 4258 quia
1010 4143 1143 4232 eadem
1188 4141 1295 4246 nobis
1337 4145 1509 4245 inserviit

172 4271 211 4348 in
241 4270 379 4349 scholis
408 4270 480 4348 iuri
510 4261 667 4349 romano
696 4262 883 4353 tradendo
913 4315 964 4327 -
993 4277 1074 4347 tum
1104 4269 1192 4370 quia
1221 4266 1403 4372 denegari
1433 4295 1507 4348 non
1622 4351 1625 4356 ,
1727 4327 1732 4344 t
1853 4339 1854 4360 ,

173 4390 446 4501 3313313333.
473 4389 771 4499 iusroruapum
812 4396 1004 4499 ’33113313
1049 4395 1175 4497 lingua
1215 4393 1291 4473 latii
1327 4421 1440 4496 quam
1471 4397 1507 4474 in

173 4521 332 4630 vulgarit
365 4511 571 4625 exponitur
599 4565 651 4577 -
680 4519 827 4599 accedit
856 4530 894 4614 31
922 4522 1035 4617 tertia
1081 4521 1326 4632 3311313333
1369 4521 1508 4598 nostris
1617 4620 1619 4624 Ι
1736 4575 1737 4581 .

169 4640 409 4750 temporibus
452 4643 689 4753 aspernenda
732 4645 833 4725 haud
873 4644 1037 4724 videtur.
1077 4647 1274 4738 Nimirum,
1306 4647 1506 4749 33133333
