3726 5352
248 410 251 414 ⁴
339 353 389 412 148
507 361 508 368 ’
551 375 626 412 enus
645 374 740 411 rmus
760 371 793 398 -“-
813 372 918 410 rnucr.
939 374 983 413 1v.
1005 371 1140 428 unauna
1161 373 1298 411 russeus
1317 374 1354 410 ur
1374 373 1473 412 curun

340 477 447 551 tarius
469 492 622 550 mortuus
645 479 744 568 esset,
764 491 844 576 tune
867 487 1002 564 quidem
1017 487 1188 564 legitimus
1212 487 1424 564 succedebat,
1441 489 1521 563 quia
1536 489 1599 548 iam
1615 491 1681 565 ple-

340 615 418 658 num
444 613 539 657 suum
568 596 725 656 effectum
749 596 943 656 obtinuerat
966 599 1208 690 testamentum
1230 591 1284 678 (8).

753 808 776 877 t.
801 808 852 866 98.
882 806 996 866 Tutela
1019 789 1269 867 teutuaueuturiu.

405 1023 422 1080 Ι
447 1053 487 1064 --
512 1020 562 1080 Ut
584 1020 711 1079 tutelae
737 1019 1010 1106 testamentariae
1033 1021 1126 1078 loeus
1151 1023 1241 1110 esset
1262 1020 1497 1095 requirebatur
1521 1024 1610 1097 quud
1627 1041 1687 1100 pa-u

336 1127 533 1188 teri'amilias
565 1127 601 1186 in
637 1129 839 1188 testamento
862 1123 975 1185 valido
999 1125 1164 1201 impuberi
1187 1126 1266 1197 filiu,
1290 1127 1325 1186 iu
1355 1128 1452 1188 aliam
1477 1133 1678 1204 potestatem

250 1253 253 1260 ‘
338 1251 402 1296 uun
427 1249 592 1308 reeusure,
618 1237 764 1292 tutorem
788 1232 947 1292 dedisset.

404 1341 514 1413 Quare
539 1339 759 1418 conditiones,
783 1355 868 1414 quae
892 1338 1162 1417 requirebantur,
1187 1343 1301 1399 erant:
1395 1380 1397 1384 -

448 1449 477 1525 u)
502 1450 661 1522 exparte
687 1446 803 1526 patris,
835 1449 874 1505 ut
903 1447 1042 1506 haberet
1070 1447 1210 1521 patriam
1239 1451 1451 1522 potestatem.

444 1557 479 1631 b)
504 1572 545 1614 ex
569 1557 664 1629 purte
688 1554 757 1632 filii,
784 1556 935 1613 tit-essee
957 1553 1112 1627 impubes
1136 1555 1171 1613 et
1194 1556 1246 1612 sui
1270 1554 1353 1614 iuris
1376 1555 1521 1616 futurus,

379 1657 383 1671 “
447 1665 475 1734 u)
500 1667 659 1736 exparte
684 1659 889 1736 testamenti,
916 1664 953 1718 ut
976 1663 1066 1719 esset
1089 1660 1248 1720 validum.

401 1772 555 1830 Iamvero
571 1769 598 1827 si
624 1767 772 1827 euriditiu
795 1767 975 1827 defecisset
999 1783 1041 1826 ex
1064 1769 1160 1841 parte
1183 1767 1253 1847 filii,
1277 1770 1386 1828 tutela
1400 1787 1443 1830 ue
1464 1771 1593 1847 ueuuipi
1610 1772 1678 1847 qui-

322 1879 406 1938 uem
426 1867 568 1955 poterat;
593 1876 620 1935 si
645 1875 825 1934 defecisset
848 1874 996 1933 ueiuiitio
1021 1891 1062 1934 ex
1086 1879 1181 1950 parte
1204 1877 1378 1936 testatoris
1401 1879 1456 1937 vel
1473 1880 1677 1957 testamenti,

333 1986 457 2046 delatio
480 1976 608 2043 tutelae
632 2002 697 2042 nun
724 1986 796 2042 erat
820 1982 979 2056 perfecta.
1004 1982 1260 2046 Admittebutur
1283 1985 1396 2043 tamen
1420 1959 1545 2044 deiutiu
1561 1986 1677 2062 imper·

333 2095 432 2154 fecta.

399 2200 434 2258 ΙΙ
462 2232 501 2243 -
528 2197 640 2256 Putate
663 2195 906 2255 testamentaria
924 2193 1067 2271 perfectu
1091 2226 1133 2240 -
1150 2196 1233 2254 Erat
1257 2197 1325 2274 iila,
1339 2214 1425 2271 quae
1441 2198 1473 2255 in
1498 2200 1677 2285 testamen·

330 2311 366 2366 tu
390 2307 461 2365 iure
486 2305 646 2382 perfeeto,
671 2305 740 2381 aut,
764 2306 914 2377 tempure
937 2302 1112 2383 imperiali,
1129 2304 1163 2363 in
1189 2305 1341 2363 eudiuillu
1367 2307 1572 2365 testamenta
1604 2324 1676 2367 eun-

330 2415 462 2474 firmato
486 2411 718 2487 impuberibus
730 2411 856 2472 ,liberis
880 2409 992 2469 suisa
1016 2413 1111 2484 patre
1135 2410 1405 2472 eonstituebatur
1428 2414 1483 2489 (1).
1508 2412 1677 2473 Conditio·
1759 2496 1761 2500 Ι

330 2539 390 2582 nes
415 2528 531 2582 errarit:
1533 2593 1535 2600 γ

440 2629 470 2701 a)
494 2631 582 2704 quoii
620 2629 868 2704 paterfamilias,
894 2629 949 2702 qui
986 2628 1113 2689 directe
1138 2630 1338 2703 potestatem
1363 2630 1536 2688 exerceret
1574 2603 1675 2703 super

328 2739 546 2817 impuberem,
573 2741 719 2798 tutorem
744 2737 940 2797 nominaret.
967 2737 1001 2796 Si
1019 2737 1106 2796 enim
1131 2738 1240 2812 patria
1263 2740 1414 2811 potestas
1431 2735 1577 2796 mediata
1597 2735 1675 2795 fuis·

302 2819 382 2905 ¹set
409 2850 443 2905 et
471 2847 602 2904 mortue
637 2861 701 2905 rivo
728 2844 838 2903 adhue
861 2844 1032 2903 extitisset
1054 2861 1196 2918 persona
1233 2843 1340 2902 media
1363 2843 1479 2919 patris,
1509 2843 1543 2900 in
1579 2842 1676 2902 euius

246 2997 248 3000 .
328 2955 531 3026 potestatem
555 2967 733 3010 recasurus
757 2954 846 3010 esset
869 2951 1033 3030 impubes,
1057 2953 1139 3010 tune
1161 2951 1271 3010 tutela
1294 2950 1547 3010 testamentaria
1563 2958 1677 3008 exulu-

328 3059 472 3118 ilebatur
496 3058 552 3135 (2).

255 3161 256 3164 ’
440 3165 473 3236 b)
497 3168 585 3240 quud
611 3170 704 3227 tuter
728 3167 925 3242 designatus
948 3166 1126 3226 funtionem
1150 3167 1345 3226 testamenti
1370 3165 1534 3240 passivam
1572 3164 1675 3224 habe-

326 3276 379 3332 ret
403 3271 450 3348 (3)

441 3319 465 3346 ,Ι

440 3377 471 3444 ο)
495 3378 583 3452 quud
609 3377 797 3452 designatio
821 3377 944 3436 tuteris
968 3381 1059 3437 esset
1082 3380 1174 3437 uerte
1196 3379 1249 3450 (4).

416 3485 470 3560 ’(1)
495 3484 585 3560 qued
609 3486 747 3544 daretur
769 3485 875 3544 tutius
899 3481 1099 3560 patrimonii;
1125 3502 1191 3544 nun
1215 3486 1301 3544 enim
1327 3487 1420 3545 tuter
1444 3484 1516 3544 dari
1539 3488 1674 3560 peterat

325 3595 491 3654 uerterum
515 3608 623 3651 rerum
650 3592 703 3651 vel
728 3607 901 3650 causarum
929 3589 980 3666 (5).
1324 3663 1330 3673 ·

391 3701 495 3760 Pater
522 3698 557 3756 in
585 3701 789 3758 testamento
812 3699 1007 3758 fumiltatem
1033 3700 1135 3758 (tandi
1159 3703 1304 3760 tutorem
1330 3680 1477 3760 babebat
1507 3719 1567 3776 pru
1603 3719 1670 3760 um·

267 3879 269 3884 ,
323 3808 426 3867 nibus
451 3806 577 3879 liberis,
603 3806 675 3866 sive
699 3807 855 3865 mesenus
894 3807 965 3866 sive
989 3806 1131 3885 feminis,
1157 3808 1228 3867 sive
1252 3808 1350 3881 uuus,
1375 3809 1447 3868 sive
1482 3809 1671 3884 posthumis

323 3909 503 3972 ‹t'unnnode
537 3914 601 3972 iam
638 3913 830 3986 uuneeptis3
867 3913 914 3990 (6)
954 3914 1019 3972 ime
1053 3914 1324 3980 admissumfuit
1348 3917 1436 3990 quoii
1472 3915 1572 3975 etiam
1600 3900 1671 3990 ¹pru

322 4017 547 4081 exhaeredato
572 4021 777 4080 constituere
803 4017 916 4094 posset
940 4021 992 4095 (7).

267 4402 268 4405 ¹
367 4341 407 4406 (8)
426 4342 445 4390 1.
467 4340 510 4398 11,
533 4343 558 4403 3,
580 4343 605 4402 4,
627 4355 712 4404 xxvi,
734 4344 762 4406 23,
782 4342 800 4390 l.
822 4343 847 4399 6,
881 4354 963 4401 xxvi,
1058 4339 1098 4409 (t)
1117 4357 1175 4406 pun
1196 4340 1229 4392 ‘27
1250 4343 1269 4392 i,
1290 4355 1324 4402 11,
1346 4341 1389 4407 203
1410 4342 1438 4392 li.
1459 4345 1503 4409 203
1520 4345 1669 4410 30‚xxv1,

314 4413 341 4462 4.
362 4413 411 4464 Οἱ·
427 4428 486 4475 par.
509 4415 524 4460 2
545 4415 562 4462 i.
586 4427 605 4472 1,
629 4415 670 4462 15.
1009 4417 1033 4475 23
1056 4415 1074 4462 l.
1098 4429 1143 4463 riu.
1167 4414 1196 4462 C.
1219 4427 1258 4473 vr,
1280 4413 1324 4462 48.

367 4480 406 4550 (1)
424 4485 442 4534 l.
465 4485 489 4544 3,
512 4497 595 4542 xxvi,
617 4486 642 4540 2:
664 4485 682 4532 l.
703 4487 727 4540 1,
750 4487 774 4545 l,
798 4496 884 4547 xxvi,
911 4485 934 4533 3.
1063 4487 1101 4548 (ὃ)
1121 4499 1182 4546 par.
1205 4487 1221 4533 4
1241 4488 1258 4536 i.
1282 4499 1301 4543 1,
1325 4486 1368 4547 143
1391 4485 1420 4534 ll.
1444 4488 1516 4547 12-5,
1538 4499 1626 4550 xxv1,
1643 4488 1668 4536 2.

368 4555 407 4619 (2)
426 4555 485 4605 Gai.
506 4569 525 4610 ν,
547 4557 606 4609 lui.
630 4556 691 4617 146;
714 4556 778 4617 Ulp.
800 4567 842 4616 xi,
865 4557 906 4614 14,
927 4554 970 4616 153
1063 4557 1102 4619 (6)
1121 4556 1181 4606 Gai.
1204 4570 1224 4612 ν,
1248 4557 1308 4618 117;
1330 4569 1391 4617 par.
1413 4558 1428 4605 1
1450 4559 1466 4610 i.
1488 4571 1508 4620 1,
1532 4559 1573 4624 143
1595 4557 1624 4606 ll.
1642 4559 1667 4619 1,

314 4641 373 4692 pur.
396 4627 450 4676 3i.
473 4641 489 4688 i,
512 4625 554 4689 13,
576 4627 604 4675 ΙΙ,
626 4632 637 4674 1
660 4642 713 4688 pr.,
736 4628 761 4689 2;
783 4628 808 4684 2,
837 4639 921 4687 xxva,
943 4628 968 4679 2.
1010 4629 1081 4690 1553
1104 4628 1128 4685 6;
1151 4626 1193 4689 19,
1216 4629 1240 4686 2,
1265 4639 1353 4688 xxvi,
1376 4631 1401 4677 2.

368 4698 406 4760 (3)
427 4698 491 4760 Ulp.
514 4710 556 4758 xi,
580 4697 621 4761 163
643 4697 671 4746 ll.
694 4699 719 4762 3,
740 4701 765 4762 13
781 4699 824 4758 21,
847 4700 972 4759 xxvi,2.
1067 4697 1105 4764 (7)
1124 4699 1153 4750 li.
1176 4701 1202 4761 43
1224 4697 1256 4749 31
1279 4701 1315 4748 ib.
