3710 5346
277 295 280 302 ⁴
335 311 370 361 78
616 323 691 362 ruas
709 323 806 362 rama
824 296 858 349 “-
878 323 983 364 rascr.
1004 324 1038 362 11.
1059 325 1099 362 nn
1117 297 1195 363 toan
1213 323 1394 371 nurrrsauu

312 411 315 416 ⁵
340 429 603 517 obbligationem
625 440 825 523 assumebat,
865 440 924 500 sed
948 440 1145 518 simpliciter
1169 441 1361 500 declarabat
1384 457 1447 520 res,
1474 455 1557 516 quas
1573 439 1680 500 trade·

320 548 410 625 bat,
434 547 523 607 dotis
546 547 713 608 obiectum
737 547 852 608 fuisse.
878 537 952 608 Nisi
977 547 1032 607 vel
1055 547 1094 606 iu·
1126 547 1203 608 dolo
1232 549 1425 608 versaretur
1449 546 1529 626 (16),
1553 548 1609 608 vel
1648 562 1683 607 se

291 654 297 664 '
341 672 498 731 expresse
522 656 688 732 obligaret
711 657 763 736 (17
769 651 787 734 ),
1453 651 1456 656 ’

705 868 734 945 ξ.
760 869 802 927 55
827 867 1110 946 Effectaa'fflaoad
1133 868 1312 941 maritam).

409 1087 491 1144 1-
516 1085 667 1144 Effectus
688 1083 798 1158 quoad
822 1083 993 1159 coniuges,
1031 1083 1088 1141 alii
1111 1085 1210 1142 erant
1240 1084 1296 1157 qui
1324 1082 1552 1158 respiciebant
1589 1081 1688 1162 mari-¹

341 1196 424 1272 tum,
448 1192 563 1258 etalii
587 1191 645 1268 qui
668 1192 894 1270 respiciebant
929 1205 1076 1251 uxorem.
1113 1189 1300 1264 Utriusque
1324 1190 1486 1249 intererat
1513 1188 1626 1248 dotem
1650 1187 1685 1246 in
1717 1215 1720 1224 ·

342 1298 555 1360 matrimonio
571 1297 695 1358 habere
712 1301 748 1358 et
762 1312 908 1374 servare,
925 1299 961 1355 et
976 1299 1134 1370 respectu
1150 1295 1327 1372 utriusque
1338 1295 1544 1370 reipublicae
1560 1294 1687 1370 pariter

339 1407 505 1467 intererat
528 1405 625 1467 dotes
649 1407 760 1466 salvas
784 1422 866 1466 esse.
934 1444 936 1450 ‚
1430 1490 1433 1494 Δ
1628 1455 1632 1464 ,

327 1569 332 1600 y.
409 1516 445 1575 ΙΙ
471 1547 512 1558 -
536 1514 616 1592 Dos,
641 1515 818 1574 corrobante
843 1515 1064 1602 matrimonio,
1089 1515 1126 1576 in
1149 1515 1246 1576 bonis
1270 1517 1380 1576 mariti
1396 1520 1469 1577 erat
1493 1515 1550 1594 (1).
1565 1515 1687 1576 Modus

341 1625 452 1707 autem
478 1639 544 1696 quo
568 1621 602 1680 in
627 1621 724 1680 bonis
748 1624 821 1680 erat
845 1615 967 1702 mariti,
991 1623 1147 1683 diversus
1171 1639 1246 1684 esse
1270 1625 1403 1699 poterat
1426 1641 1487 1699 pro
1511 1621 1686 1683 diversita-

33 1717 45 1742 '
94 1717 104 1740 ²
139 1691 140 1694 Ἴ
193 1757 210 1782 2
297 1815 298 1820 γ
342 1731 377 1790 10
400 1729 541 1788 rationis
564 1727 738 1788 adhibitae
761 1729 793 1786 in
820 1729 1073 1809 constitutione,
1099 1707 1134 1794 et
1157 1748 1218 1806 pro
1257 1727 1455 1792 diversitate
1486 1729 1620 1792 obiecti.
1653 1729 1688 1789 si

341 1837 402 1897 dos
426 1837 592 1910 promissa
630 1835 762 1908 fuisset,
803 1837 946 1896 maritus
985 1837 1194 1898 efficiebatur
1218 1838 1373 1900 creditor:
1399 1839 1427 1898 si
1465 1824 1520 1898 res
1558 1837 1688 1897 dotales

342 1961 455 2004 cessae
480 1927 634 2020 fuissent,
660 1942 802 2002 maritus
825 1947 899 2002 erat
923 1944 1157 2024 cessionarius,
1175 1949 1210 2004 et
1232 1946 1282 2006 ita
1306 1963 1413 2020 porro.
1499 1955 1502 1958 ·

222 2091 225 2098 -
323 2081 326 2086 ,
412 2052 567 2110 Iamvero
591 2033 660 2110 ¹llio
698 2049 852 2126 quaestio
888 2052 1023 2128 exurgit
1046 2069 1150 2126 penes
1174 2069 1271 2127 quem
1297 2056 1388 2113 esset
1422 2051 1607 2112 dominium
1637 2067 1687 2111 re·

345 2176 420 2230 rum
444 2157 665 2232 corporalium
684 2158 803 2236 marito
822 2159 1024 2218 traditarum
1047 2162 1224 2220 constante
1248 2159 1471 2240 matrimonio,
1487 2197 1490 2204 =
1509 2177 1587 2218 num
1629 2159 1687 2218 soi·

343 2265 424 2340 licet
439 2281 542 2344 penes
558 2265 667 2323 virum
684 2282 727 2323 an
744 2282 846 2339 penes
871 2267 1052 2326 mulierem.
1072 2267 1245 2343 Quidquid
1262 2269 1307 2329 sit
1324 2249 1372 2346 ,de
1397 2269 1461 2328 bae
1477 2257 1687 2344 quaestione,

281 2383 283 2444 ζ
343 2373 433 2447 apud
465 2388 579 2431 omues
611 2373 744 2432 constat
780 2373 869 2448 quod
893 2373 1037 2434 facultas
1062 2375 1171 2435 mariti
1196 2376 1228 2433 iu
1254 2376 1346 2435 hisce
1383 2376 1485 2435 rebus
1524 2373 1690 2442 limitibus
1762 2443 1770 2456 .

345 2477 599 2552 circumscripta
622 2482 703 2536 erat.
730 2477 873 2538 Maritus
897 2480 1008 2540 dotem
1034 2497 1169 2540 servare
1194 2482 1350 2560 debebat,
1375 2485 1448 2541 tum
1473 2481 1618 2556 positive
1643 2479 1689 2538 di

350 2585 523 2662 ligantiam
547 2567 749 2667 adhibendo,
772 2589 844 2645 tum
869 2588 1027 2663 negative
1049 2589 1286 2674 alienationem
1311 2588 1461 2648 vitando.

413 2693 479 2753 m.
506 2725 544 2736 -
570 2691 815 2768 1110911111-
841 2695 993 2772 uarias,
1019 2673 1048 2756 si
1076 2696 1258 2756 dominium
1282 2697 1468 2775 habuisset,
1494 2695 1608 2770 pocus
1635 2694 1687 2754 ur·

349 2799 476 2860 condus
500 2803 590 2859 esset
613 2802 727 2859 custos
743 2800 832 2860 dotis
848 2818 945 2875 qnam
964 2803 1112 2864 ciusdem
1131 2803 1301 2878 perfectus
1317 2804 1508 2878 dispositor.
1526 2803 1566 2861 ln
1583 2802 1690 2861 admi·

349 2905 548 2966 nistratioue
572 2922 682 2966 rerum
700 2906 861 2966 dotalium
878 2925 951 2967 eam
968 2908 1174 2986 diligentiam
1201 2909 1361 2970 adhibere
1385 2910 1540 2988 debebat,
1557 2910 1690 2984 qualem

348 3015 384 3073 in
409 3014 512 3074 robus
535 3015 605 3074 suis
621 3014 740 3074 afferre
757 3015 877 3074 solitus
893 3017 967 3075 erat
983 3017 1039 3094 (2).
1056 3018 1129 3076 Imo
1144 3018 1312 3077 interdum
1330 3000 1510 3078 tenebatur
1524 3016 1624 3076 etlam
1648 3015 1691 3074 de

345 3141 425 3182 casu
454 3123 604 3200 fortuito,
621 3140 740 3197 nempe
757 3124 783 3182 si
801 3139 855 3182 res
871 3123 1001 3184 dotales
1021 3125 1216 3185 aestimatae
1233 3125 1378 3184 fuissent
1394 3123 1600 3186 venditionis
1616 3140 1692 3181 cau-

345 3247 382 3291 sa
397 3227 450 3312 (3),
464 3231 518 3289 vel
530 3247 585 3289 res
597 3233 710 3289 essent
726 3229 909 3307 fungibiles
923 3227 969 3310 (4)
987 3233 1042 3292 vel
1058 3232 1186 3291 credita
1198 3233 1331 3308 generis
1348 3249 1407 3292 seu
1420 3230 1621 3306 quantitatis
1631 3228 1690 3304 (5).

413 3337 464 3395 rv
489 3369 531 3380 -
556 3337 772 3397 circituram
782 3321 958 3413 protritae
986 3371 1023 3382 -
1049 3339 1101 3396 nx
1126 3339 1199 3415 rege
1222 3339 1311 3398 runa
1335 3339 1371 3397 a
1393 3337 1492 3410 suaa
1516 3337 1619 3395 aaran
1640 3337 1691 3394 in·-

346 3431 483 3505 ductum
509 3448 591 3521 erat,
619 3448 658 3504 ut
686 3446 825 3504 maritus
853 3445 994 3505 fundum
1030 3431 1175 3508 dotalem
1203 3447 1360 3506 alienare
1387 3463 1453 3505 non
1485 3448 1600 3520 posset
1637 3444 1697 3523 (6).Ι

346 3551 438 3623 auid
461 3551 595 3610 nomine
618 3551 842 3627 alienationis,
867 3553 948 3627 quid
964 3553 1061 3612 fundi
1086 3553 1207 3618 dotalis
1231 3554 1372 3632 veniret,
1398 3532 1600 3617 ridendum.¹

395 3728 492 3794 (16)1.
515 3730 529 3776 1
549 3724 581 3780 O.
602 3743 631 3792 r,
653 3731 697 3779 12.
832 3749 834 3753 ·
1038 3731 1164 3794 gentiam
1196 3745 1274 3780 suam
1305 3744 1477 3778 communem
1512 3717 1551 3784 (1.1
1577 3728 1610 3777 17
1641 3742 1695 3791 pr.,

374 3836 375 3842 ,
397 3803 453 3863 (17)
472 3800 501 3849 ll.
524 3801 567 3861 52,
587 3801 629 3860 75,
652 3813 741 3862 xxm,
763 3801 788 3852 3,
1046 3815 1137 3861 xxm,
1160 3803 1185 3866 3,
1206 3802 1225 3851 l.
1247 3801 1291 3862 24,
1307 3803 1431 3861 5,xx1r,
1454 3800 1516 3863 331.
1537 3800 1580 3862 23,
1596 3812 1624 3862 n,
1641 3800 1696 3860 17).

397 3869 437 3938 (1)
456 3868 615 3922 Dominium
636 3887 721 3935 penes
734 3873 863 3922 maritum
884 3875 1001 3922 eratve·
1090 3871 1129 3939 (3)
1147 3873 1166 3922 1,
1188 3871 1222 3923 10
1242 3888 1282 3936 pr.
1302 3886 1392 3937 xxm,
1414 3873 1440 3937 3,
1460 3872 1479 3921 l.
1501 3873 1545 3934 51,
1566 3883 1653 3932 xxm,
1669 3871 1695 3920 3.

239 3987 241 3990 .
342 3944 395 3992 luti
414 3943 566 3992 dominium
591 3958 654 3992 cum
673 3947 755 4007 pacto
774 3944 893 3993 fiduciae
911 3947 1000 3994 amieo
1090 3942 1176 4010 (4)11.
1199 3945 1371 4007 10pr.;42‚
1394 3944 1530 4003 11111113.-

342 4007 478 4064 traditum
498 4015 526 4061 in
540 4016 720 4064 securitatem
740 4016 793 4075 sui,
808 4015 857 4064 vel
870 4015 1001 4065 creditori
1018 4013 1025 4020 ’
1091 4013 1130 4082 (5)
1150 4016 1180 4067 ll.
1202 4017 1245 4071 41,
1268 4017 1293 4078 3,
1315 4016 1348 4064 53
1363 4027 1447 4075 xxm,
1463 4015 1488 4078 3,
1501 4015 1520 4064 l.
1533 4015 1558 4078 6,
1569 4025 1654 4073 xxm,
1670 4014 1696 4064 4.

337 4087 478 4143 ‚traditum
510 4086 539 4136 in
561 4087 741 4134 securitatem
760 4087 868 4137 crediti.
889 4086 931 4138 Cf.
953 4087 1004 4136 hac
1095 4083 1134 4154 (6)
1153 4087 1212 4137 Gai.
1233 4099 1263 4149 11,
1285 4087 1318 4136 63
1337 4087 1417 4135 Paul.
1432 4098 1466 4146 11,
1488 4085 1546 4145 alb,
1563 4087 1589 4148 2,
1609 4099 1652 4147 pr.
1679 4085 1698 4132 i.

343 4158 377 4207 de
396 4171 425 4206 re
445 4156 507 4206 Gai.
528 4171 557 4217 11,
580 4158 624 4222 60,
645 4157 664 4206 1.
688 4157 720 4206 18
733 4172 776 4219 pr.
797 4167 867 4222 xlm,
889 4158 914 4206 6.
1041 4172 1070 4219 u,
1092 4159 1117 4221 8,
1139 4158 1170 4206 11,
1190 4161 1217 4220 4,
1239 4157 1281 4217 16,
1297 4169 1386 4218 xxm,
1408 4158 1424 4205 5
1444 4185 1475 4192 -
1497 4156 1698 4218 Quaequidem

397 4226 436 4294 (2)
467 4228 571 4277 Stricto
596 4226 661 4291 jure
694 4231 843 4278 tenebatur
871 4229 997 4290 maritus,
1038 4230 1189 4292 probibitio
1208 4244 1262 4278 non
1282 4229 1370 4278 solum
1391 4231 1539 4278 constante
1557 4228 1699 4277 matrimo-

338 4300 426 4361 juxta
446 4299 593 4361 principia,
606 4300 641 4347 ad
654 4314 762 4348 omnem
776 4300 884 4363 culpam
905 4300 1000 4366 (Frag.
1040 4301 1087 4349 nio
1107 4316 1142 4350 ox
1156 4301 1184 4349 vi
1199 4301 1279 4363 legis·
1290 4297 1388 4360 Iuliae,
1411 4300 1459 4348 sed
1478 4300 1541 4348 dein
1555 4301 1584 4348 et
1594 4299 1629 4347 ad
1647 4296 1699 4346 ini·

344 4371 408 4419 Vat.
431 4371 492 4432 101,
514 4370 583 4419 Coll.
604 4386 633 4432 x,
655 4372 681 4433 2,
703 4371 728 4434 2,
750 4372 766 4419 1.
788 4373 814 4432 5,
835 4373 861 4431 2,
883 4384 952 4431 xm,
974 4373 1000 4434 6,
1039 4371 1109 4420 tium
1140 4372 1352 4420 constitutionis
1380 4371 1474 4437 dotis,
1512 4371 1578 4419 licet
1609 4369 1699 4418 adhuc

344 4441 373 4489 ll.
394 4443 565 4507 1701.,72,
587 4440 613 4504 1,
636 4454 725 4505 xxm,
746 4443 771 4505 33
793 4443 820 4493 ll.
842 4443 885 4508 18,
907 4445 932 4502 1,
954 4445 997 4501 24,
1038 4443 1245 4508 matrimonium
1265 4445 1439 4492 contractum
1477 4443 1551 4490 baud
1587 4439 1697 4500 fuisset,

345 4514 370 4574 5,
390 4515 433 4573 25,
453 4515 477 4575 1,
500 4514 533 4562 66
552 4528 607 4578 pr.3
629 4514 672 4577 67,
694 4525 782 4574 xxlv,
795 4513 820 4562 3.
841 4514 884 4566 cf.
905 4514 934 4562 ll.
957 4514 1000 4577 33,
1039 4517 1157 4563 extensa
1188 4517 1231 4563 est
1263 4514 1292 4575 (1,
1322 4511 1458 4574 4,xx111,
1480 4514 1506 4575 5,
1527 4512 1546 4563 1.
1568 4511 1584 4562 5
1604 4511 1698 4572 (111,

345 4586 387 4645 49,
418 4596 500 4642 xxm,
533 4585 558 4647 3,
589 4585 607 4636 1.
643 4586 685 4647 16,
712 4596 796 4648 xxm,
818 4583 854 4650 5),
875 4587 1000 4642 attamen
1039 4583 1094 4652 61),
1115 4589 1143 4634 01
1163 4601 1250 4648 usque
1269 4586 1304 4633 ad
1323 4585 1528 4634 restitutionem
1549 4584 1701 4645 dotispost

342 4659 533 4706 excusabatur
552 4641 580 4706 si
594 4658 741 4719 probasset
761 4657 921 4706 adhibuisse
940 4657 1002 4705 dili·
1039 4658 1244 4706 matrimonium
1259 4657 1379 4706 solutum
1395 4656 1424 4719 (l.
1441 4657 1473 4704 12
1494 4667 1645 4719 paxami,
1661 4651 1699 4722 5).
