3710 5346
525 286 623 326 onrur
642 287 672 325 v.
694 287 734 324 nn
752 285 971 326 nissenurroun
990 287 1178 328 marniacum
1300 273 1302 280 ‘
1487 281 1522 332 65

244 402 378 462 Poenae
401 403 444 462 ab
475 403 734 478 imperatoribus
758 403 952 464 christianis
980 405 1116 470 additae
1139 407 1220 466 sunt
1245 407 1322 486 illis,
1348 411 1523 484 quaejam

177 509 383 570 constitutae
406 513 512 590 crant,
537 511 586 570 ita
608 513 648 570 ut
671 511 704 570 in
724 512 804 588 iure
828 511 1060 574 inveniantur:

290 612 320 696 a)
344 617 483 676 infamia
506 617 585 696 (12).
1160 688 1164 698 ,

288 722 322 798 b)
344 723 529 799 prohibitio
550 723 764 800 relinquendi
791 725 938 788 secundo
955 726 1085 799 marito,
1103 729 1138 788 et
1154 727 1289 802 quidem
1305 727 1422 790 liboris
1439 729 1523 803 prio·

175 828 223 890 ris
246 829 391 906 coniugii
418 846 484 890 non
509 830 826 905 intervenientibus,
844 833 1021 908 plusquam
1046 833 1182 894 tertiam
1206 852 1287 895 suae
1311 835 1521 896 substantiae
1613 843 1616 852 “

176 940 305 1011 partem
330 938 409 1016 (13).

264 1045 316 1120 c)
339 1047 480 1105 remotio
504 1046 748 1107 asuccessione
772 1047 1034 1109 testamentaria.
1052 1048 1109 1108 Ab
1132 1049 1295 1110 intestato
1318 1050 1523 1121 succedebat

176 1151 329 1226 cognatis
351 1151 422 1212 suis
446 1167 553 1228 usque
577 1151 620 1212 ad
644 1153 782 1213 tertium
806 1153 947 1228 gradum
974 1154 1052 1232 (14).
1226 1219 1229 1226 ,

288 1257 324 1335 d)
348 1259 482 1319 amissio
505 1260 674 1318 lucrorum
697 1259 900 1334 nuptialium
925 1259 1045 1334 prioris
1069 1261 1271 1322 matrimonii
1294 1261 1371 1338 (15).

243 1365 457 1428 ,Iustinianus
490 1369 666 1441 praeterea
689 1366 877 1446 constituit,
902 1371 941 1428 ut
971 1367 1090 1428 iisdem
1114 1368 1334 1432 incommodis
1357 1385 1397 1429 ea
1419 1369 1522 1430 etiam

176 1473 296 1534 mulier
325 1473 524 1552 afficeretur,
549 1490 645 1552 quae,
678 1474 758 1534 licet
781 1474 823 1534 ad
847 1474 1012 1534 secundas
1048 1492 1115 1535 non
1138 1477 1353 1538 convolasset
1375 1478 1523 1557 nuptias,

177 1580 283 1640 lilium
306 1580 341 1641 in
365 1581 543 1641 undecimo
566 1586 626 1642 aut
649 1579 848 1642 duodecimo
871 1582 986 1644 luctus
1015 1599 1129 1642 mense
1148 1583 1352 1663 peperisset,
1377 1583 1461 1644 adeo
1486 1586 1524 1643 ut

176 1687 345 1762 praesumi
367 1688 522 1748 absolute
556 1687 758 1765 nequiverit,
783 1687 887 1747 filium
911 1703 954 1748 ex
977 1687 1138 1749 defuncto
1162 1689 1282 1749 marito
1309 1693 1522 1766 procreatum

176 1794 282 1856 fuisse
306 1795 398 1870 (th
820 1795 823 1802 “
1059 1793 1060 1796 ’
1543 1864 1545 1871 ¹

159 1925 165 1933 ·
244 1903 300 1962 Ab
323 1902 415 1962 hisce
431 1903 549 1978 poenis
572 1902 780 1962 liberabatur
795 1919 881 1978 quae
904 1903 1109 1970 obtinuisset
1121 1904 1292 1978 imperiale
1309 1905 1519 1983 rescriptum,

177 2008 355 2070 dummodo
378 2009 503 2070 liberos
525 2010 636 2070 nullos
659 2026 702 2069 ex
726 2010 828 2085 priori
856 2011 976 2070 marito
999 2012 1227 2089 suscepisset3
1251 2013 1279 2072 si
1303 2013 1522 2088 suscepisset,

176 2121 258 2178 tunc
280 2133 343 2177 nec
365 2117 536 2192 imperiale
560 2109 760 2192 rescriptum
784 2117 814 2176 ei
839 2117 1007 2194 proderat,
1032 2117 1095 2178 nisi
1122 2119 1335 2180 medietatem
1356 2120 1519 2179 bonorum

177 2240 314 2286 suornm
336 2225 404 2284 illis
428 2224 546 2284 mulier
562 2225 712 2300 'supplex
735 2222 925 2304 dimitteret
950 2221 1030 2306 (17).

624 2441 648 2510 ς.
673 2439 726 2503 46.
752 2438 914 2499 Secundae
940 2439 1082 2517 nuptiae.

244 2657 261 2716 Ι
286 2688 329 2701 -
353 2657 515 2730 Quamvis
537 2657 572 2716 in
596 2671 719 2732 genere
743 2655 925 2732 permissae
949 2655 1076 2716 fuerint
1099 2656 1259 2716 Romanis
1282 2655 1450 2716 secundae
1486 2658 1523 2716 et

177 2765 354 2825 ulteriores
382 2763 529 2842 nuptiae,
554 2766 666 2823 tamen
697 2765 767 2822 tres
790 2763 936 2836 epochae
965 2763 1218 2837 principaliores
1249 2761 1411 2838 distingui
1449 2778 1522 2836 pos·

179 2873 315 2936 suntin
338 2873 549 2948 legislatione
572 2871 615 2932 ad
646 2887 715 2930 rem
740 2871 940 2946 pertinente.
966 2869 1079 2930 Prima
1109 2873 1188 2930 ante
1219 2869 1312 2945 leges
1335 2868 1460 2928 Juliam
1486 2872 1522 2930 et

178 2979 316 3055 Papiam
332 2979 533 3057 Poppaeam3
556 2979 663 3038 altera
678 2975 742 3038 sub
765 2977 904 3052 imperio
920 2978 1032 3054 legum
1057 2977 1315 3056 praedictarum3
1333 2977 1435 3038 tertia
1457 2977 1521 3038 sub

177 3087 316 3164 imperio
340 3086 533 3146 christiano.
1069 3062 1071 3068 ’

244 3194 281 3253 ΙΙ
306 3225 347 3236 -
371 3191 414 3252 Ia
432 3193 544 3270 primo
567 3191 694 3270 oporto,
722 3206 830 3251 mores
856 3190 1084 3265 reprobabant
1110 3190 1254 3250 alterum
1279 3190 1429 3250 mulieris
1456 3207 1532 3276 mag

177 3301 367 3362 trimonium
403 3301 601 3376 praesertim
636 3301 679 3360 ob
715 3297 905 3360 memoriam
930 3295 1083 3358 defuncti
1108 3296 1229 3375 mariti,
1253 3314 1371 3372 reapse
1406 3301 1518 3357 tamen

177 3410 221 3470 ob
244 3410 417 3472 caritatem
441 3410 621 3472 liberorum
645 3407 698 3484 (i).
723 3406 842 3481 Quoad
866 3407 967 3485 viros,
984 3407 1136 3482 exceptis
1158 3405 1377 3481 pontificibus
1395 3405 1451 3486 (2),
1476 3421 1523 3466 se·

178 3517 325 3576 cundum
348 3517 539 3594 coniugium
564 3516 647 3575 adeo
669 3516 703 3573 in
728 3514 806 3575 odio
829 3514 979 3574 moribus
1002 3529 1069 3574 non
1094 3517 1176 3574 erat.

244 3625 301 3684 ΙΙΙ
318 3655 359 3668 --
376 3624 420 3684 Ia
441 3625 545 3684 altero
567 3623 695 3700 oporto,
716 3623 796 3698 quia
812 3639 938 3682 morum
964 3621 1135 3696 corruptio
1157 3623 1206 3681 ita
1229 3620 1455 3700 grassabatur,
1481 3622 1522 3680 ut

177 3731 350 3808 generatio
380 3731 562 3818 liberorum
586 3729 736 3790 studiose
764 3728 941 3806 vitaretur,
967 3728 1059 3806 leges
1074 3727 1098 3787 J
1101 3728 1168 3786 ulia
1191 3729 1226 3788 et
1242 3727 1349 3802 Papia
1364 3726 1522 3802 Poppaea

114 3891 118 3896 .
177 3837 333 3898 fovendis
348 3837 567 3898 matrimoniis
582 3836 725 3896 maxime
741 3836 978 3914 incubuerunt,
994 3837 1030 3894 et
1045 3851 1170 3910 poenas
1186 3836 1304 3912 contra
1320 3831 1521 3892 viduitatem

228 4051 286 4113 (12)
306 4050 325 4099 1.
346 4051 373 4110 1,
394 4063 440 4110 11-1,
468 4051 497 4114 23
518 4049 548 4100 ll.
570 4048 595 4112 13
616 4049 633 4118 2
653 4047 683 4098 0.
705 4059 734 4097 v.
754 4048 781 4112 93
807 4047 828 4099 l.
920 4043 977 4108 (16)
996 4045 1069 4099 Nor.
1091 4045 1135 4107 39,
1156 4045 1187 4096 O.
1208 4043 1235 4094 2.

173 4119 369 4258 ἑιθέἳνὲῐόὂς
387 4121 409 4171 1.
431 4124 445 4170 1
466 4121 495 4170 G.
518 4121 569 4173 Th.
591 4133 637 4181 111,
652 4120 678 4185 85
693 4119 768 4174 Nor:
787 4119 830 4181 22,
870 4118 981 4254 221(ἱῖ)
998 4117 1018 4169 l.
1051 4117 1066 4165 4
1095 4117 1127 4165 O.
1160 4128 1203 4177 v1,
1237 4111 1282 4177 56;
1314 4114 1387 4165 Nov.
1421 4113 1464 4176 22,
1492 4113 1524 4166 O.

226 4260 284 4332 (1.3)
302 4264 321 4314 1.
343 4265 357 4311 1
379 4263 409 4313 c.
432 4278 459 4313 v.
480 4263 510 4327 c;
536 4263 608 4312 nov.
629 4261 674 4328 aa,
689 4261 720 4310 c.
735 4261 768 4310 aa
789 4275 832 4323 pr.
923 4257 961 4326 (r)
982 4259 1193 4308 omitterentur
1212 4257 1298 4307 otram
1324 4231 1526 4320 solemnitates,

175 4336 224 4386 cit.
868 4345 940 4392 quae
969 4331 1029 4378 fieri
1058 4330 1186 4378 solebant
1206 4330 1234 4376 in
1255 4327 1449 4379 matrimoniis.
1480 4325 1523 4376 Of.

226 4402 283 4474 (14)
310 4405 329 4456 l.
362 4407 376 4477 i
409 4405 439 4458 0.
473 4405 616 4469 ib.;ch.
650 4403 698 4465 22,
732 4402 763 4454 C.
797 4403 830 4452 22
868 4401 951 4453 Ovid.
973 4403 1046 4486 Fani.
1068 4414 1099 4451 11.
1121 4401 1182 4463 5573
1204 4412 1232 4452 v.
1251 4399 1315 4461 4873
1333 4398 1455 4450 Macrob.
1477 4398 1523 4446 So-

175 4479 284 4611 palli-J.)
303 4548 323 4597 l.
344 4549 371 4614 13
393 4549 408 4598 2
427 4547 458 4600 Ο.
480 4548 536 4610 ib.;
566 4546 637 4598 Nov.
664 4545 709 4606 22,
737 4545 767 4597 Ο.
797 4546 830 4599 22
868 4473 1141 4610 turziil’ssgntifioes
1173 4541 1257 4592 semel
1291 4542 1446 4591 nubebant.
1479 4537 1523 4588 ef.

175 4634 217 4686 pr.
421 4641 423 4646 ·
869 4615 986 4668 Tertull.
1009 4617 1048 4663 De
1067 4629 1167 4676 aroaop.
1188 4611 1232 4666 17.

228 4746 260 4796 Ii.
281 4743 463 4796 Gssrnuono
483 4771 493 4781 ·
512 4743 558 4792 Ios
576 4742 651 4792 civile
669 4755 812 4792 romonum.
