3712 5346
575 467 638 538 ΟΕ
666 467 783 539 tuse
812 467 1166 541 Psssoussum

698 811 867 859 PERSON'A
890 813 1040 859 PHISIOA

877 1070 884 1096 Ι

845 1165 890 1241 Νι.

269 1377 389 1456 Homo,
407 1382 574 1451 quatenus
591 1393 697 1456 capax
711 1377 845 1459 iurinrn,
863 1378 1097 1454 appellabatur
1121 1397 1140 1438 a
1163 1351 1308 1438 romanis
1327 1395 1468 1455 persona
1491 1372 1544 1456 (1).

200 1483 378 1557 Oapacitas
401 1485 484 1544 haec
517 1484 660 1544 iuridica
698 1485 926 1546 constituebat
949 1490 1068 1562 cupid,
1099 1485 1189 1560 quod
1213 1485 1337 1560 triplici
1376 1485 1542 1544 elemento

148 1661 150 1665 ¹
204 1592 389 1670 constabat,
415 1599 532 1674 nempe
557 1593 714 1652 libertate
737 1593 793 1670 (2),
812 1593 952 1654 civitate
978 1588 1034 1676 (3),
1060 1593 1196 1652 familia.
1232 1593 1297 1665 Qui
1336 1593 1446 1652 tribus
1481 1592 1546 1650 ele·

87 1689 104 1714 ²
203 1699 325 1760 ruentis
349 1699 529 1774 praedictis
553 1701 689 1759 carebat
711 1717 778 1758 nou
802 1703 875 1760 erat
897 1716 1049 1774 persona,
1075 1705 1110 1758 et
1132 1699 1285 1774 quamvis
1308 1699 1381 1758 iure
1404 1703 1543 1758 naturae
1574 1747 1576 1752 .

203 1807 302 1866 horno
326 1809 425 1884 esset,
465 1807 536 1866 iure
562 1807 653 1866 civili
677 1824 743 1866 non
768 1807 1045 1872 considerabatur
1068 1807 1133 1866 nisi
1156 1807 1245 1866 inter
1269 1801 1332 1866 rea.

272 1913 417 1972 Maxima
441 1913 580 1988 proinde
604 1913 727 1972 divisio
750 1930 968 1988 personarum
992 1913 1082 1988 apud
1105 1929 1259 1982 romanos
1281 1913 1371 1972 inter
1393 1911 1546 1971 homines

204 2036 363 2094 personas
387 2023 421 2078 et
444 2021 596 2080 hemines
619 2037 685 2080 nou
714 2036 884 2095 personari,
908 2036 968 2080 seu
991 2020 1080 2078 inter
1104 2020 1227 2080 liberos
1251 2022 1286 2078 et
1309 2035 1434 2079 servos,
1460 2019 1546 2077 Iam-

204 2143 285 2186 vero
301 2128 415 2202 plures
438 2127 522 2186 aliae
546 2127 729 2186 divisiones
752 2125 920 2186 inferioris
957 2125 1083 2186 ordinis
1118 2125 1395 2198 admittebantur
1434 2108 1546 2200 prouti

13 2227 17 2234 '
67 2232 70 2238 ’
120 2256 145 2264 ·’
206 2237 362 2309 ageretur
386 2234 427 2293 ‹le
451 2235 567 2294 maiori
590 2235 846 2310 participatione
860 2251 1022 2309 cuiusque
1038 2235 1162 2310 singuli
1178 2233 1336 2294 elementi
1351 2233 1549 2308 oapacrtetrs

130 2383 139 2405 ,
209 2340 379 2401 iuridicae.

162 2523 165 2529 Α
221 2530 224 2534 .
274 2447 455 2506 Exordium
481 2451 651 2509 sumentes
678 2467 698 2508 a
722 2450 888 2530 libertate,
928 2467 1013 2526 quae
1041 2450 1296 2510 fundamentum
1320 2453 1393 2510 erat
1417 2451 1548 2530 capitis,

205 2557 240 2614 et
263 2541 484 2630 procedentes
523 2573 583 2630 per
621 2557 769 2616 civitatis
793 2561 833 2617 et.
851 2557 997 2618 familiae
1032 2557 1106 2616 iura
1139 2557 1339 2616 habebimus
1370 2557 1549 2632 hominem,

205 2663 262 2742 qui
286 2666 419 2737 poterat
442 2663 525 2722 illud
550 2663 801 2723 celeberrimum
830 2681 992 2740 usurpare
1006 2664 1118 2722 :turcis
1139 2681 1291 2723 romaicus
1314 2680 1393 2726 sciui.

856 2879 902 2942 ΙΙ.

272 3077 341 3148 Vix
357 3093 417 3150 est
442 3075 721 3154 utadmoneatur
744 3091 833 3166 quod
857 3093 956 3151 homo
984 3089 1131 3150 debebat
1168 3091 1293 3151 habere
1332 3091 1546 3152 existentiam

176 3267 177 3272 γ
206 3196 384 3274 propriam,
409 3197 464 3276 (a),
489 3213 551 3258 seu
573 3198 608 3256 in
631 3201 753 3258 natura
777 3198 931 3287 existere3
957 3199 1046 3274 quod
1072 3199 1188 3274 utique
1212 3198 1278 3258 dici
1309 3200 1406 3274 poter
1408 3202 1454 3277 ιι
1477 3198 1547 3258 sie

122 3383 125 3388 y
192 3296 327 3364 'ventre
351 3304 468 3364 matris
491 3304 605 3364 editus
628 3308 727 3383 esset,
751 3309 867 3365 etuou
893 3322 963 3365 mor
967 3310 1055 3386 ιιιιιι
1080 3305 1140 3364 sed
1164 3306 1281 3365 saltem
1306 3305 1406 3365 vivus
1430 3305 1457 3364 si
1481 3321 1549 3364 non

257 3650 297 3720 (a)
329 3654 399 3704 Sunt
427 3655 554 3704 doctores
578 3655 634 3719 qui,
658 3657 695 3722 ,ut
722 3656 803 3709 homo
832 3657 860 3704 in
899 3656 1021 3718 sumptio
1041 3656 1116 3706 adsit
1134 3655 1278 3718 legitimae
1298 3656 1488 3718 paternitatis.
1509 3655 1558 3704 Oe-

203 3723 263 3772 iure
281 3725 395 3785 existat,
412 3727 558 3788 requirunt
571 3727 859 3790 trituratoriapraeter
896 3731 984 3776 terum
1000 3753 1033 3764 -
1048 3729 1179 3776 aiunt-
1200 3726 1430 3790 quandocumque
1444 3728 1506 3789 quis
1519 3741 1556 3776 ex

204 3796 303 3844 vitam·
324 3797 483 3846 afferuntl.
507 3799 548 3857 12,
571 3811 591 3858 ι,
613 3799 638 3846 5.
893 3802 977 3848 utero
997 3800 1112 3855 matris
1116 3799 1144 3847 iu
1164 3798 1254 3846 lucem
1273 3798 1394 3862 prosilit,
1416 3799 1471 3846 iam
1498 3813 1560 3860 per·

257 3867 311 3916 Alii
336 3871 500 3930 negantt
472 3872 500 3917 et
528 3869 756 3918 animadvertunt
784 3869 857 3932 quod
896 3885 964 3918 sona
984 3873 1037 3918 est:
1059 3871 1184 3919 brevitas
1205 3870 1291 3931 vitae,
1314 3870 1413 3918 sicut
1406 3885 1435 3918 m
1455 3872 1560 3918 natura

204 3951 254 4000 pro
272 3953 309 3986 na
312 3941 348 3986 rs
367 3953 498 3988 romanus
517 3939 630 4003 lecisla
619 3944 662 3989 or
675 3941 860 4002 requiritur
898 3942 938 3990 ita
958 3941 1012 3989 et
1006 3956 1034 3989 m
1054 3941 1123 4002 iure,
1146 3941 1253 3990 efficere
1266 3955 1367 4004 nonpo
1370 3943 1471 3990 estu
1482 3955 1559 4034 pror·

165 4001 167 4010 ¹
204 4023 258 4070 que
271 4011 308 4058 ιιι
327 4009 401 4058 infra
420 4011 553 4072 quosdam
573 4012 707 4061 terminos
727 4011 860 4074 temporis
897 4027 945 4062 sus
963 4027 1019 4061 non
1039 4013 1156 4063 existat.

204 4080 290 4128 edant
279 4083 334 4142 tur,
355 4081 404 4130 sed
422 4081 458 4130 ad
477 4082 528 4130 hoc
548 4077 720 4156 simpliciter,
743 4088 773 4132 ut
785 4098 863 4146 prae·

258 4282 297 4353 (l)
315 4287 451 4347 Gumiieh,
473 4289 514 4336 Dc
533 4289 633 4348 lmus-iac
657 4304 780 4351 persona.
812 4289 964 4337 Dissertat.
997 4291 1127 4352 inaugur.
1151 4289 1282 4352 Beroliui,
1302 4289 1371 4338 1863
1392 4315 1422 4326 -η
1445 4289 1559 4356 Papam,

206 4354 237 4406 L’
250 4359 382 4406 indiuiduo
399 4361 508 4406 secondo
527 4360 548 4406 ιι
567 4361 617 4406 dir.
639 4375 703 4408 rom.
725 4361 756 4408 cd
773 4361 795 4408 il
812 4375 939 4429 porinus„
961 4360 1070 4422 Napoli,
1094 4361 1172 4408 1897.

262 4431 300 4490 (2)
319 4429 470 4492 Deguerre.
489 4429 593 4478 Liberti
609 4431 777 4480 individualis
796 4446 827 4479 eu
846 4433 914 4479 droit
932 4446 997 4479 rom.
1018 4437 1042 4478 ei
1054 4432 1188 4494 sruupuic,
1210 4431 1300 4481 Paris.

259 4496 298 4564 (3)
316 4501 427 4561 Mieliel,
447 4503 526 4550 Droii
544 4503 574 4550 de
593 4501 644 4550 ciii
659 4504 784 4550 romaico.
806 4503 895 4564 Siquos
913 4503 1053 4564 distinctifa
1072 4503 1103 4550 de
1122 4504 1150 4550 la
1168 4501 1268 4565 qualite*
1284 4503 1314 4550 de
1328 4504 1427 4565 eliopea
1445 4505 1557 4562 roruuia,

207 4570 296 4632 Paris,
319 4572 386 4621 1885
406 4601 439 4608 -
460 4573 547 4621 Stella
565 4573 707 4634 Maronea,
728 4573 768 4622 Lu
787 4575 964 4622 citiudiuuaau
982 4588 1091 4622 roruooa
1111 4589 1123 4622 e
1141 4574 1160 4622 ι’
1175 4575 1253 4622 editio
1272 4575 1299 4622 di
1316 4574 1464 4634 Caracalla,
1488 4573 1561 4622 Lun-

214 4643 304 4704 oiano,
327 4643 394 4692 1894
415 4670 447 4679 —
469 4644 512 4694 Of.
533 4643 607 4694 infra
626 4644 678 4709 III,
697 4660 725 4696 ιι.
748 4646 773 4696 7.
1403 4665 1405 4672 ·
