3712 5346
765 266 882 306 rursus
1114 254 1117 261 '
1257 295 1260 300 ,
1300 251 1303 259 '
1448 232 1501 308 213

219 381 432 458 Quapropter
455 399 521 441 non
557 381 700 456 amplius
723 383 798 442 erat
818 380 912 441 locus
935 381 1163 456 prosecutioni
1186 383 1312 443 tutelae
1336 401 1379 446 ex
1401 387 1498 461 parte

149 489 286 570 tutoris,
311 489 340 549 si
362 489 418 549 lric
442 494 595 548 mortuus
617 487 739 548 fuisset
773 487 846 548 sive
869 489 1069 564 naturaliter
1092 495 1151 550 aut
1175 489 1330 572 civiliter,
1354 493 1498 554 sire'rc·

150 599 263 656 motus
286 601 386 663 esset:
411 614 453 657 cx
477 599 572 671 parte
595 593 715 672 pupilli
738 594 873 673 pariter,
899 595 928 656 si
951 595 1104 656 mortuus
1127 595 1248 657 fuisset
1271 597 1345 658 sive
1360 608 1496 660 natura·

144 703 230 764 liter
252 707 312 764 aut
347 704 503 780 civiliter,
527 701 600 764 sive
637 718 698 776 per
720 701 974 777 adrogationem
1007 702 1148 762 alterius
1172 704 1333 778 potestati
1356 705 1497 768 subiice-

151 813 257 874 retur.
959 803 961 808 ’

218 916 339 976 Tutela
361 895 457 975 linita
478 914 565 976 ratio
591 914 893 974 administrationis
916 914 1045 974 tutelae
1068 915 1240 976 reddenda
1263 921 1345 976 erat.
1363 916 1498 993 Siquid

151 1003 279 1098 pupillo
295 1026 355 1082 aut
377 1023 484 1083 tutori
501 1021 690 1101 deberetur,
708 1021 899 1081 actionibus
922 1021 967 1098 (1)
991 1020 1085 1080 loeus
1101 1025 1174 1081 erat
1197 1021 1231 1080 iu
1248 1038 1329 1082 oasa
1352 1039 1418 1098 quo
1432 1041 1498 1084 non

151 1132 381 1206 praestaretur
416 1128 616 1190 voluntarie.
641 1127 732 1187 Hinc
766 1127 895 1202 pupillo
919 1127 1003 1187 aetio
1025 1129 1144 1188 tutelae
1177 1128 1300 1188 directa
1323 1133 1359 1188 et
1393 1130 1499 1191 tutori

149 1237 237 1296 aetio
259 1238 375 1296 tutelae
408 1236 583 1297 contraria.
609 1236 679 1296 Lex
713 1250 794 1295 vero
818 1235 936 1294 sedulo
971 1235 1118 1295 munivit
1140 1235 1347 1310 impuberem
1382 1240 1500 1297 contra
1569 1279 1570 1282 ,

149 1343 380 1420 tutoremtss),
403 1351 439 1404 et
476 1345 611 1418 praeter
635 1340 800 1401 actionem
823 1342 1030 1418 praedictam
1061 1341 1127 1401 alia
1150 1341 1298 1402 remedia
1321 1343 1497 1423 concessit,
1537 1340 1539 1346 ’

148 1469 272 1528 nempe
303 1453 459 1512 actionem
483 1452 520 1511 de
550 1450 730 1510 rationibus
754 1450 970 1510 distrahendis
1002 1448 1046 1527 (a)
1071 1450 1262 1524 specialiter
1286 1450 1321 1508 in
1352 1453 1498 1511 tutorem

151 1559 211 1635 qui
236 1560 321 1619 male
349 1562 570 1620 conversatus
593 1560 685 1617 esset
700 1551 812 1633 quoad
835 1556 1173 1636 administrationem,
1192 1557 1405 1634 praadepa’ara
1427 1559 1496 1617 eai-

143 1666 258 1744 peadi,
284 1666 338 1725 oui
362 1664 530 1740 posterius
554 1665 718 1725 suecessit
741 1664 913 1746 hypotheca
938 1665 1061 1752 tepolis.
1230 1665 1232 1670 ’
1553 1641 1557 1649 Χ

221 1775 377 1836 Ceterum
402 1773 530 1850 pupillo
554 1773 739 1834 cavebatur
761 1777 834 1833 tum
868 1751 929 1848 pbr
952 1773 1177 1849 obligationes
1201 1789 1284 1848 quas
1308 1777 1401 1834 tutor
1424 1791 1500 1834 con·
1599 1791 1603 1796 ’

155 1882 311 1942 trahebat
333 1883 367 1941 in
401 1882 475 1956 ipsa
498 1880 711 1956 susceptione
745 1880 883 1959 tutelae,
909 1897 1027 1955 nempe
1050 1880 1235 1959 iuramenti,
1260 1878 1493 1958 satisdationes,

149 1991 330 2049 inventarii
353 1987 571 2066 confectionis:
594 1991 667 2047 tum
701 2004 762 2062 per
784 1987 981 2047 facultatem
1015 1987 1239 2062 persequendi
1263 1991 1398 2063 praeter
1428 2005 1501 2064 per·

153 2113 268 2156 sonam
293 2096 426 2172 tutoris,
451 2095 534 2154 alias
557 2109 717 2183 personas
739 2109 825 2167 quae
848 2093 961 2167 aliquo
986 2092 1083 2152 morlo
1106 2093 1310 2153 tenebantur
1333 2093 1376 2153 ‹le
1398 2094 1499 2154 istius

59 2273 61 2281 ,
151 2203 456 2281 administratione,
474 2201 563 2260 idest
578 2200 806 2259 dominatores
829 2200 962 2278 tutoris,
980 2199 1204 2279 fideiussores,
1231 2200 1404 2279 haeredes,
1435 2199 1502 2260 imo

156 2312 382 2387 magistratus.
973 2288 979 2298 ⁹

223 2417 264 2476 In
288 2433 367 2476 casu
392 2414 536 2492 plurium
552 2417 714 2493 tutorum,
738 2418 869 2475 tutores
891 2415 1061 2475 honorarii
1085 2417 1242 2490 poterant
1264 2430 1397 2490 quoque
1420 2415 1511 2482 Obli‘«

154 2525 239 2604 gari,
263 2525 345 2600 quia
367 2523 543 2598 invigilare
567 2522 738 2582 debebant
760 2539 803 2582 ne
826 2521 915 2597 quod
940 2522 1097 2580 damnum
1121 2521 1249 2596 pupillo
1272 2521 1458 2586 obveniret.

749 2737 917 2799 XXXIV.

224 2958 303 3018 Iure
326 2975 462 3018 romano
485 2975 551 3018 non
576 2959 684 3018 solnm
707 2958 829 3018 aetatis
853 2959 938 3018 ratio
954 2959 1070 3018 habita
1093 2959 1168 3038 fuit,
1181 2959 1241 3020 sed
1265 2960 1365 3019 etiam
1389 2975 1501 3019 sexus:
1618 3021 1619 3026 ,

77 3101 113 3130 ‚0
155 3067 193 3125 et
215 3081 255 3124 eo
279 3065 377 3124 modo
400 3082 467 3140 quo
490 3063 667 3142 impuberi,
684 3065 732 3124 ita
756 3065 900 3124 feminae
916 3065 994 3125 olim
1020 3069 1112 3126 tutor
1128 3066 1273 3126 dabatur
1296 3065 1351 3146 (a).
1376 3065 1503 3126 Discri·
1595 3049 1599 3070 ¹

158 3175 354 3232 mentamen
378 3173 496 3232 aderat
519 3174 552 3231 in
567 3172 744 3232 duratione
758 3171 899 3232 tutelae
916 3173 1105 3248 utriusque:
1131 3173 1248 3254 prima,
1272 3175 1324 3232 uti
1347 3172 1504 3252 diximus,

208 3527 247 3589 (a)
267 3527 368 3586 Quaeri
387 3525 432 3574 hic
451 3528 545 3589 potest
563 3540 665 3574 anana
684 3527 759 3574 actio
779 3524 818 3574 al·
854 3539 890 3574 ex
908 3526 998 3588 prima
1017 3525 1144 3576 habitum
1172 3527 1251 3589 erat3
1278 3524 1367 3574 altera
1395 3524 1513 3576 alteram

153 3601 244 3648 ‘teram
263 3597 384 3656 tolleret,
406 3612 467 3646 oum
482 3597 575 3660 plures
587 3602 744 3660 competere
754 3611 816 3660 pos·
853 3611 909 3645 nou
940 3597 1016 3656 tolli,
1047 3599 1207 3660 quatenus,
1239 3599 1349 3659 praeter
1379 3597 1407 3645 id
1438 3595 1512 3658 quod

155 3673 229 3731 sent,
251 3683 350 3732 nempe
369 3669 483 3722 tutelae.
494 3669 528 3717 de
546 3670 704 3718 rationibus
717 3669 819 3718 distra-
855 3669 884 3716 in
913 3669 1012 3731 prima,
1043 3669 1101 3730 peti
1138 3671 1252 3730 poterat
1288 3667 1316 3714 id
1346 3667 1419 3728 quod
1450 3666 1513 3730 plus
1608 3729 1609 3732 Ἴ
1646 3636 1652 3648 ³
1718 3693 1721 3704 ·

156 3741 264 3803 bandis,
285 3740 363 3788 furti.
378 3741 543 3789 contrariae
561 3741 635 3790 iuter
655 3756 684 3790 se
703 3755 815 3804 respon·
852 3745 914 3789 erat
934 3741 1096 3789 insecunda
1114 3740 1169 3805 (cf.
1191 3740 1209 3789 l.
1231 3737 1274 3801 41,
1294 3736 1319 3799 1,
1341 3749 1423 3803 xciv,
1444 3738 1471 3804 73
1491 3736 1511 3788 l.

155 3812 249 3862 aiones
269 3812 406 3860 contineri
426 3811 559 3861 videntur
578 3812 646 3864 inll.
667 3816 692 3869 1,
713 3814 756 3874 21,
773 3813 818 3877 22;
858 3813 883 3876 1,
904 3823 1002 3871 xevn,
1026 3808 1062 3877 7).
1511 3841 1513 3846 ·

157 3886 183 3945 2,
207 3886 231 3945 1,
253 3895 354 3947 xxvrr,
375 3883 401 3934 3.
884 3881 948 3950 aa)
966 3883 1068 3933 Tutela
1096 3882 1260 3932 seminarum
1289 3881 1412 3929 oratius
1439 3879 1514 3942 quod

211 3955 338 4003 Iamvero
349 3953 815 4020 solutiodiffieultatisfieripotest,
854 3954 914 4002 cedi
935 3959 1046 4016 poterat
1064 3958 1115 4002 ant
1135 3952 1270 4002 vindicari
1283 3951 1362 4014 (Uip.
1377 3963 1442 4010 xix,
1458 3947 1512 4012 11).

157 4026 181 4074 si
200 4026 452 4074 animadvertimus
471 4027 620 4088 utrumque
638 4027 692 4074 dici
712 4027 817 4088 potuis·
853 4026 897 4074 An
916 4025 1003 4074 fuerit
1022 4039 1133 4088 quoque
1151 4027 1277 4088 potestas
1290 4023 1373 4072 valde
1390 4021 1514 4072 dubitari

157 4111 196 4158 se,
218 4097 327 4146 seilicet
345 4097 434 4145 altera
454 4097 571 4145 alteram
587 4096 659 4157 tolli,
680 4101 820 4158 quatenus
857 4101 960 4160 potest.

157 4169 253 4217 haberi
273 4182 308 4217 ex
328 4168 451 4216 secunda
464 4182 519 4216 non
539 4172 651 4230 poterat
669 4169 743 4229 quod
763 4170 817 4217 ianr

144 4293 1533 4336 .......-.-—.-.-....-..-........7.7.—-.-..-..—.--

159 4447 182 4497 G
211 4377 252 4435 tl)
263 4375 363 4496 ,Tulngri
383 4377 425 4424 De
443 4375 586 4424 actionibus
605 4376 694 4438 quibas
711 4378 819 4440 antiquo
837 4378 893 4425 iure
911 4391 977 4425 rom.
998 4375 1072 4423 dolus
1091 4373 1175 4423 maias
1193 4375 1285 4422 tatoris
1303 4372 1448 4422 vindicatae
1466 4377 1512 4434 eet,

184 4448 287 4508 renim,
364 4450 388 4499 l.

174 4588 179 4600 ι
213 4518 261 4639 (21,8
263 4518 406 4638 9(¹40illand,
427 4519 480 4567 Dee
498 4520 631 4580 perantiae
650 4517 784 4568 accordeee
802 4533 854 4567 aaa
867 4519 985 4582 papillae
1003 4522 1091 4568 contre
1110 4517 1138 4566 la
1155 4517 1254 4579 pertica
1273 4515 1316 4565 dee
1335 4520 1442 4581 tateare,
1463 4513 1517 4564 Pa·

156 4603 206 4653 ris,
300 4625 306 4639 .
