3726 5352
502 296 577 334 Palis
596 296 692 332 PRIMA
712 287 750 318 -’
765 293 870 331 Tader.
892 293 936 330 IV·
956 293 997 338 pli
1015 293 1092 330 Just
1112 293 1249 331 TU'rnLAn
1268 292 1305 329 ΕΤ
1325 292 1425 329 CURAF}

225 389 227 392 Ι
275 425 276 430 ’
359 413 413 472 lll
438 443 477 456 -
506 411 710 488 lncupucitae
734 410 773 468 ub
796 411 971 470 extrinseco
996 443 1037 452 -
1061 409 1205 482 Propter
1229 407 1353 466 factum
1378 407 1442 465 iuri
1470 406 1634 466 extrinse-

292 533 366 578 cum
392 536 456 578 non
481 523 578 578 erant
613 519 733 578 stricta
767 534 867 577 sensu
902 516 1164 592 incapacitates3
1200 531 1275 574 nam
1313 515 1518 588 incapacitas
1549 530 1632 573 vera
1660 575 1662 582 s

277 625 543 698 ‘fundamentum
569 624 602 684 iu
628 625 790 699 qualitate
815 623 928 698 potius
960 623 1125 697 personali
1149 622 1305 682 habebat.
1330 624 1494 705 ¹Attamen
1519 623 1633 696 plures

192 721 205 814 Σ
290 731 558 792 excludebantur
583 732 743 802 cautela,
770 747 910 805 nempe:
1089 814 1091 818 Α

401 840 432 915 a)
456 845 616 917 amentes,
641 839 771 915 prodigi
798 839 981 916 interdicti,
1006 840 1134 918 rustici,
1160 839 1264 918 surdi,
1291 839 1384 915 bruti,
1409 837 1500 897 coeci
1525 837 1604 915 (12).

402 945 437 1021 h)
461 962 627 1020 pauperes
652 945 727 1020 (13).

201 1099 207 1116 a
255 1049 260 1062 ²
300 1101 302 1114 2
384 1053 433 1128 e)
456 1052 591 1112 inimici.
616 1052 679 1112 ille
703 1053 760 1126 qui
785 1053 977 1113 inimicitias
1004 1055 1165 1128 capitales
1204 1071 1278 1112 cum
1319 1059 1414 1128 patre
1448 1053 1633 1128 impuberis

224 1213 226 1218 .
290 1153 506 1240 exercuisset,
523 1177 585 1218 nec
612 1160 857 1221 intercessisset
873 1161 1110 1241 reconciliatio,
1138 1161 1380 1221 exclmlebatur
1396 1179 1415 1219 a
1433 1161 1541 1220 tutela
1557 1161 1633 1236 (14).

402 1266 436 1342 d)
459 1268 629 1328 debitores
653 1269 706 1327 vel
735 1268 917 1328 creditores
941 1269 1124 1342 impuberis
1148 1267 1228 1346 (15).
1254 1268 1496 1342 Exeipiebatur
1518 1283 1632 1326 ascen·

121 1401 128 1442 t
199 1353 203 1421 Ῐ
290 1375 497 1452 densaque
514 1375 697 1450 periculum
723 1375 956 1436 fraudulentae
979 1375 1141 1452 gestionis
1165 1394 1231 1436 non
1255 1381 1328 1435 erat
1351 1377 1534 1436 timendum
1554 1371 1630 1457 (16),

402 1482 432 1554 e)
454 1483 602 1558 litigiosi.
627 1482 837 1540 Nimirumsi
868 1484 943 1557 quis
960 1483 1052 1542 litem
1077 1483 1252 1543 habuisset
1276 1501 1350 1543 curn
1376 1483 1548 1558 impubere
1573 1483 1631 1542 cir·

191 1609 193 1612 ·
289 1605 329 1647 ca
351 1588 461 1646 omnia
483 1588 572 1647 bona
594 1593 653 1648 aut
677 1589 831 1647 maiorem
857 1590 1019 1649 bonorum
1045 1593 1172 1663 partem
1196 1590 1275 1667 (.17);
1307 1591 1388 1650 item
1414 1593 1442 1648 si
1466 1590 1508 1649 lis
1542 1593 1633 1648 esset

110 1683 111 1688 ’
146 1683 154 1702 ”
180 1749 187 1758 ,
228 1771 229 1776 ¹
289 1695 643 1768 adversuspersonam
668 1695 880 1755 coniunctam
905 1695 982 1776 (18).

398 1802 425 1878 f)
448 1803 626 1863 ambitiosi.
652 1801 719 1875 Qui
742 1819 777 1862 se
794 1804 969 1878 ingerebat
992 1808 1031 1863 ut
1055 1807 1146 1862 tutor
1170 1809 1340 1864 crearetur
1364 1807 1399 1864 et
1422 1803 1552 1885 adhoc
1576 1819 1630 1877 pe·

289 1911 418 1970 cuniam
445 1910 617 1988 offerebat,
641 1911 674 1968 in
697 1927 799 1970 causa
822 1917 896 1969 erat
920 1927 980 1969 cur
1003 1911 1239 1970 excluderetur
1266 1911 1344 1986 (19),

401 2017 435 2092 g)
475 2017 605 2075 deinum
642 1998 806 2090 expresse
835 2017 1006 2090 prohibiti.
1042 2017 1206 2077 Parentes
1240 2017 1424 2092 impuberis
1460 2017 1628 2076 interdum

289 2133 446 2196 expresse
470 2123 630 2197 quosdam
657 2141 676 2180 a
699 2123 912 2196 susceptione
936 2123 1064 2182 tutelae
1088 2124 1312 2197 prohibebant
1336 2125 1412 2199 (21)).

799 2339 821 2408 t.
850 2337 922 2396 102.
948 2335 1131 2400 Erucueutio.

355 2549 439 2606 1—-
464 2545 645 2608 Excusatio
669 2553 741 2608 erat
776 2547 885 2608 iustae
920 2565 1040 2608 causae
1064 2550 1221 2625 allegatio
1255 2550 1345 2624 apud
1385 2531 1631 2625 competentem

124 2651 128 2660 “
162 2686 164 2689 f
287 2657 518 2731 magistratum
544 2656 586 2714 ad
611 2656 825 2716 obtinendam
853 2656 981 2716 sivein
1006 2659 1114 2716 totum
1150 2657 1222 2716 sive
1247 2675 1306 2730 pro
1323 2661 1418 2732 parte
1441 2657 1631 2715 immunita-

106 2783 107 2786 *
289 2766 357 2823 tem
381 2781 401 2822 a
423 2765 543 2825 tutela.

355 2872 508 2930 Iamvero
532 2871 565 2929 in
589 2871 631 2930 iis
654 2871 797 2950 casibus,
822 2872 863 2932 de
895 2871 1018 2946 quibus
1036 2873 1069 2930 in
1096 2873 1310 2946 praecedenti
1346 2873 1563 2948 paragrapho,
1603 2871 1632 2930 si

287 2993 329 3036 ex
352 2994 419 3035 una
442 2982 536 3052 parte
561 2978 773 3056 exclusionis,
801 2996 844 3038 ex
867 2980 933 3038 alia
956 2981 1049 3054 parte
1075 2981 1300 3048 excusationis
1324 2996 1425 3039 causa
1448 2979 1632 3060 oriebatur,

107 3161 112 3168 ἡ
163 3057 164 3060 ¹
217 3087 218 3092 ’
287 3085 315 3142 si
342 3083 426 3142 forte
460 3089 595 3158 propter
625 3083 799 3159 qualitatis
823 3086 877 3145 vel
902 3085 982 3144 facti
1007 3086 1220 3146 excludentis
1243 3087 1463 3162 ignorantiam
1489 3086 1564 3160 quis
1588 3085 1630 3143 ad

287 3191 426 3248 tutelam
455 3194 595 3250 vocatus
618 3190 747 3253 fuisset.
773 3193 864 3251 Hinc
899 3197 951 3252 est
978 3193 1067 3267 quod
1091 3193 1175 3252 iuris
1197 3194 1399 3268 interpretes
1424 3193 1512 3251 illam
1537 3195 1631 3252 recte

287 3297 532 3370 appellaverint
568 3299 815 3357 excusationem
856 3301 1078 3358 necessariam
1103 3305 1142 3358 ut
1164 3300 1430 3376 distingueretur
1453 3317 1472 3358 a
1495 3299 1630 3374 proprie

212 3469 214 3480 1
288 3403 379 3492 diota
395 3404 622 3480 excusatione,
640 3405 681 3464 de
704 3423 771 3480 qua
794 3405 830 3468 in
853 3407 1022 3481 praesenti
1040 3409 1257 3482 paragrapho,
1283 3424 1381 3481 quam
1405 3399 1626 3466 voluntariam

288 3508 459 3587 dixerunt,
484 3527 637 3584 quaeque
661 3513 833 3571 avocatis
857 3512 899 3570 ad
923 3513 1062 3571 tutelam
1089 3513 1227 3587 proponi
1252 3513 1355 3572 debet
1378 3511 1431 3590 (1).

335 3754 392 3817 (12)
410 3756 494 3820 Frag.
515 3757 579 3806 Vat.
601 3758 663 3820 2443
684 3772 742 3820 par.
765 3759 779 3804 2
800 3758 819 3806 i.
842 3771 860 3818 r,
890 3759 932 3817 14;
972 3758 1068 3822 (Auth.
1091 3759 1202 3806 Miliaria
1222 3759 1257 3806 ad
1276 3758 1294 3806 1.
1317 3759 1332 3806 8
1353 3757 1382 3806 O.
1418 3769 1447 3819 v,
1480 3758 1531 3806 34:
1562 3757 1634 3806 Nor.

283 3841 343 3889 par.
365 3827 380 3874 8
401 3828 419 3877 i.
441 3841 461 3888 1,
483 3830 526 3892 253
557 3828 586 3876 ll.
609 3826 633 3889 1,
647 3830 672 3889 2,
695 3829 720 3891 33
742 3828 783 3890 17,
802 3841 889 3894 xxvi,
913 3828 938 3889 1)
977 3829 1019 3878 72.
1040 3829 1069 3878 C.
1093 3830 1118 3892 33
1141 3831 1178 3889 4).

283 3899 312 3947 ll.
335 3899 360 3957 6,
383 3899 426 3961 19;
447 3900 481 3947 40
500 3914 555 3962 pr„
577 3911 675 3962 xxvii,
699 3899 723 3952 1.
1029 3897 1086 3965 (16)
1105 3901 1177 3952 Νον.
1199 3901 1243 3957 94,
1262 3899 1292 3948 0.
1315 3899 1340 3950 1.
1377 3901 1382 3926 ⁸

336 3970 393 4034 (13)
412 3971 496 4033 Frag.
519 3971 583 4021 Vat.
606 3972 666 4032 2403
686 3987 745 4034 par.
765 3972 809 4020 oi
839 3985 860 4032 r,
892 3973 936 4037 253
1027 3971 1310 4034 (17)1.20,xxvr1‚
1335 3974 1359 4020 l.
1382 3971 1426 4022 Cf.
1449 3985 1508 4032 par.
1537 3967 1592 4022 4i.
1615 3984 1636 4030 1,

281 4042 312 4093 11.
333 4043 357 4105 7;
377 4042 421 4102 40,
444 4040 468 4104 l,
491 4055 590 4102 xxvu,
613 4041 638 4092 l.
975 4044 1017 4108 253
1038 4043 1120 4106 121,
1142 4055 1253 4103 xxviii,
1277 4046 1302 4093 1.
1577 4057 1579 4060 ·

334 4111 391 4179 (14)
409 4127 469 4176 par.
494 4115 556 4162 11i.
579 4115 617 4162 ib.
641 4141 673 4150 -
693 4114 826 4174 Quisnam
846 4114 936 4162 inimi·
1027 4112 1083 4179 (18)
1102 4115 1120 4163 l.
1143 4116 1176 4163 23
1197 4115 1226 4164 C.
1249 4129 1278 4161 v.
1298 4115 1341 4162 62.

131 4187 157 4256 1'
206 4209 208 4214 v
280 4185 931 4248 cnsinsensupraedictocenscreturef.par.
1026 4187 1081 4247 (19)
1102 4187 1120 4234 l.
1142 4185 1186 4244 21,
1208 4187 1233 4247 6,
1256 4197 1341 4244 xxvi,
1364 4186 1390 4233 5.

282 4257 357 4317 9,12
374 4256 439 4318 i.ib;
460 4256 490 4308 ll.
511 4257 537 4320 6,
553 4257 595 4319 18;
611 4257 655 4320 20;
672 4258 704 4304 21
719 4273 773 4320 pr„
795 4257 938 4319 xxv{1‚l;
1032 4259 1087 4318 (20)
1107 4258 1127 4306 1.
1149 4268 1195 4308 un.
1218 4257 1248 4307 0.
1270 4269 1300 4316 v,
1321 4258 1365 4306 47.

282 4327 301 4375 l.
324 4327 356 4374 16
377 4327 407 4376 C.
430 4342 457 4387 v,
480 4327 523 4375 62.
1027 4331 1065 4390 (1)
1084 4329 1154 4378 Sunt
1174 4329 1221 4390 qni
1241 4329 1311 4376 hano
1331 4327 1542 4394 distinctionem
1557 4326 1634 4374 relu-

335 4395 391 4465 (15)
404 4397 475 4446 Nov.
491 4400 534 4461 72,
548 4399 578 4448 O.
594 4397 649 4448 1-3.
665 4399 692 4448 Si
713 4400 759 4448 isti
780 4400 937 4448 tacuissent
975 4400 997 4448 ti
1018 4401 1187 4448 contrariam
1207 4402 1234 4449 in
1255 4400 1382 4448 terminis
1402 4399 1542 4450 reiieiunt.
1574 4397 1636 4446 Non

282 4470 357 4523 etin
379 4469 490 4518 silentio
522 4470 638 4518 tutelam
668 4472 856 4532 suscepissent
881 4486 936 4519 non
974 4472 1086 4520 videtur
1104 4474 1197 4519 tamen
1218 4473 1277 4519 iure
1297 4471 1396 4519 merito
1417 4471 1440 4518 si
1460 4484 1514 4518 non
1529 4469 1634 4518 adrem

92 4567 94 4574 ·
183 4555 184 4558 ’
281 4540 369 4589 solum
388 4542 614 4604 removebantur,
635 4541 682 4590 sed
703 4543 837 4590 iacturam
849 4544 937 4604 patie-
974 4543 1194 4604 grammaticam,
1218 4542 1264 4590 sed
1285 4543 1378 4603 potius
1397 4542 1433 4590 ad
1453 4555 1564 4589 sensum
1592 4544 1636 4588 at-

281 4612 581 4661 banturetacreditis
600 4613 750 4662 occultatis
770 4614 936 4662 decidebant
974 4614 1116 4662 tendatur.
1149 4613 1250 4662 Perse
1280 4613 1426 4662 excusatio
1458 4614 1501 4661 est
1530 4625 1638 4674 semper
