3710 5346
512 318 610 358 cnrur
628 319 658 359 v.
680 319 720 356 nn
739 299 958 358 nrssoturronn
977 319 1166 358 nnrnrmonrr
1425 343 1429 356 s
1483 308 1517 355 61

171 437 361 498 donationis
384 437 440 516 (6).
465 439 649 498 Praeterea
671 454 785 497 casum
809 454 943 513 quoque
978 437 1207 500 consideravit
1229 455 1296 512 quc
1319 453 1428 513 neque
1452 437 1514 497 dos

168 561 279 620 neque
315 549 393 605 ante
428 546 565 620 nuptias
600 545 736 605 donatio
768 544 1049 624 intercessissent,
1074 522 1109 604 et
1132 544 1254 604 statuit
1277 545 1367 620 quod
1390 543 1513 604 coniux

169 652 327 727 culpcsus
350 653 523 732 amitteret
546 656 700 727 quartam
717 655 846 726 partem
861 635 1017 727 propriae
1033 651 1262 730 substantiae;
1280 656 1315 712 et
1332 652 1360 711 si
1376 651 1513 727 quidem

169 757 493 836 quadringentarum
509 757 670 834 librarum
689 758 763 818 auri
779 757 835 818 vel
850 758 995 833 amplius
1011 758 1161 837 haberet,
1175 761 1311 818 centum
1322 758 1395 817 auri
1407 759 1511 837 libras
1566 748 1568 756 ’

168 867 366 943 praestaret,
393 865 444 926 sin
469 866 579 925 minus
595 865 851 941 quadringentis
867 864 972 943 libris,
996 867 1079 923 tune
1103 868 1290 938 praestaret
1310 865 1512 924 adamussim

168 976 318 1046 quartam
344 975 485 1047 partem,
503 972 753 1045 computatione
776 971 867 1033 facta
889 988 993 1046 purae
1017 972 1228 1032 substantiae
1253 970 1283 1052 (7
1288 973 1307 1048 ).
1334 972 1516 1032 Graviores

169 1094 296 1152 poenae
320 1082 416 1139 erant
440 1079 480 1139 si·
491 1079 649 1154 ageretur
672 1078 714 1138 de
739 1077 915 1137 adulterio.
941 1079 1072 1138 Coniux
1096 1078 1239 1158 adulter,
1266 1081 1399 1154 praeter
1422 1079 1518 1138 amis·

171 1185 297 1244 sionem
321 1186 468 1246 omnium
492 1201 578 1261 quae
602 1176 759 1264 diximus
776 1184 954 1244 amittebat
977 1185 1140 1260 reliquam
1164 1202 1259 1245 suam
1280 1185 1514 1266 substantiam,
1590 1265 1596 1273 N

171 1289 389 1352 et'successio
405 1292 620 1367 aperiebatur
636 1293 670 1350 in
686 1292 775 1352 bona
789 1291 905 1366 ipsius.
923 1293 960 1352 sl
977 1292 1038 1368 vir,
1056 1295 1091 1351 et
1104 1293 1261 1352 extarent
1273 1293 1517 1354 descendentes
1538 1300 1542 1307 '

170 1397 226 1458 vel
238 1397 460 1458 ascendentes
476 1414 583 1472 usque
598 1398 651 1457 adt
665 1398 803 1458 tertium
830 1397 982 1473 gradum,
998 1398 1082 1473 ipsis
1109 1398 1403 1467 adiiudicabantur
1418 1401 1516 1480 bona;

169 1521 267 1564 secus
280 1504 388 1569 Ftsco,
403 1504 439 1564 si
451 1504 581 1579 mulier,
593 1505 684 1564 bona
696 1485 991 1564 adiindicabantur
1007 1522 1066 1580 pro
1079 1505 1181 1565 tertia
1196 1509 1292 1580 parte
1306 1506 1517 1585 monasterio,

169 1611 204 1670 in
228 1611 319 1686 quod
343 1591 596 1687 conficiebatur,
614 1615 648 1670 et
663 1612 830 1686 reliquum
854 1610 1140 1673 descendentibus
1164 1613 1370 1692 extantibus
1395 1614 1517 1674 solum·

169 1705 269 1778 modo
290 1719 554 1782 ascendentibus
583 1718 795 1797 extantibus,
821 1736 888 1778 una
919 1720 1021 1779 tertia
1060 1737 1137 1794 pars
1174 1721 1303 1801 iisdem,
1328 1725 1363 1782 et
1386 1725 1519 1781 ceterae

170 1824 256 1884 dnae
281 1825 504 1905 monasterio;
534 1825 636 1889 nullis
670 1825 785 1900 neque
815 1826 1100 1886 descendentibus
1125 1843 1234 1901 neque
1257 1827 1519 1890 ascendentibus

11 1907 16 1954 ³·
93 1913 115 1967 st
168 1933 488 2022 intervenientibus,
509 1935 582 1993 tcta
605 1933 795 1993 substantia
819 1932 1021 1993 monasterio
1046 1933 1189 1995 cedebat
1216 1934 1228 2012 (
1252 1933 1272 2009 ).

238 2040 335 2114 Quod
359 2041 388 2100 si
412 2058 477 2100 non
498 2041 611 2120 culpa,
636 2041 696 2100 scd
720 2041 792 2100 sine
828 2058 928 2101 cansa
963 2047 1022 2101 aut
1060 2041 1131 2102 fere
1170 2041 1352 2102 divortium
1390 2042 1534 2114 factum¹
1593 2055 1594 2062 ¹

169 2147 302 2218 fuisset,
326 2147 448 2207 coniux
472 2148 526 2207 vel
550 2147 720 2224 coniuges,
738 2147 767 2206 si
782 2125 880 2208 ambo
908 2147 1167 2226 consensissent,
1183 2147 1300 2208 iisdem
1324 2165 1391 2222 quc
1418 2164 1521 2222 supra

170 2247 288 2329 poenis
311 2254 586 2315 subiiciebantur.
610 2255 684 2313 'Imo
709 2254 851 2315 ulterius
874 2270 1088 2330 progressum
1105 2258 1167 2334 est,
1189 2257 1224 2314 et
1240 2257 1404 2315 statutum
1429 2256 1519 2330 qnod

171 2362 379 2422 sustinerent
403 2379 527 2436 poenas
553 2363 662 2436 prouti
686 2363 721 2420 in
746 2378 825 2422 casu
857 2361 1014 2428 adulterii
1041 2360 1095 2440 (9),
1162 2381 1164 2390 ’

626 2577 648 2644 ξ.
674 2575 727 2636 42.
752 2550 874 2631 Formo
898 2573 1083 2632 dicertecdt'.

238 2804 322 2863 1-
346 2803 634 2876 Quemadmodum
670 2804 817 2864 diximus
852 2779 942 2879 qu‘od
977 2803 1084 2864 forma
1118 2803 1345 2878 requireretur
1383 2804 1418 2862 in
1442 2821 1518 2863 con·

171 2910 336 2970 trahendo
371 2911 582 2970 matrimonio
611 2910 767 2989 solemni,
784 2914 819 2970 et
842 2911 935 2969 nulla
957 2910 1081 2988 forma,
1114 2909 1246 2984 proprie
1281 2909 1458 2988 loquendo,
1482 2910 1518 2972 in

11 2997 12 3000 Ἴ
90 3042 100 3082 ·.
172 3016 400 3076 contrahendo
436 3015 647 3076 matrimonio
681 3015 798 3095 libero,
828 3019 876 3076 ita
909 3017 1036 3092 pariter
1060 3015 1102 3075 de
1125 3015 1232 3074 forma
1254 3016 1289 3074 in
1314 3016 1517 3076 matrimonii

173 3121 405 3190 dissolutione.
702 3191 704 3196 s

238 3229 490 3288 Matrimonium
507 3246 581 3289 oum
598 3247 699 3288 manu
717 3233 808 3290 certo
826 3230 950 3289 certius
966 3215 1160 3303 requirebat
1174 3227 1312 3288 formam
1337 3229 1517 3289 solemnem
1558 3311 1559 3316 ἵ

173 3337 373 3396 contrariam
398 3338 517 3416 eidem,
532 3354 618 3412 quae
633 3338 667 3396 in
685 3340 860 3397 contractu
884 3337 1118 3397 adhibebatur.
1136 3336 1247 3409 Quare
1270 3336 1518 3396 matrimonium

172 3459 232 3518 per
249 3443 549 3504 confarreationem
566 3445 816 3514 dissolvebatur
831 3461 891 3519 per
904 3443 1185 3503 diffarreationem
1198 3441 1255 3520 (1).
1268 3442 1517 3503 Matrimonium
1594 3425 1595 3430 ἵ

172 3566 233 3625 per
264 3551 506 3625 coemptionem
529 3553 565 3610 et
588 3568 685 3610 usum
717 3550 966 3611 dissolvebatur
989 3567 1048 3625 per
1071 3549 1370 3625 emancipationem
1395 3551 1516 3611 factam

99 3727 100 3730 Ἴ
173 3659 336 3718 amarito
358 3656 439 3741 (2)

218 3989 260 4059 (s)
278 3993 349 4044 Nov.
370 3995 413 4055 22,
435 3992 465 4042 0.
488 3994 530 4054 15,
553 3991 578 4054 1,
600 3994 626 4043 2.
915 3989 953 4057 (1)
972 3993 1048 4042 F'eet.
1069 3981 1237 4055 Differentio.
1303 4007 1306 4016 ·

222 4065 261 4130 (7)
280 4064 358 4128 l.11,
379 4066 393 4113 1
414 4064 444 4114 0.
460 4077 490 4127 v,
513 4061 556 4126 123
571 4065 643 4115 ch.
666 4061 709 4126 22,
726 4064 756 4114 O.
779 4063 838 4124 18.Ι
917 4065 954 4124 (2)
974 4065 1070 4125 Neque
1089 4064 1245 4124 obiiciatur,
1256 4063 1330 4124 quod
1348 4078 1447 4112 manus
1465 4078 1521 4112 non

222 4131 262 4200 (8)
281 4135 354 4190 ch,
380 4135 438 4200 134,
460 4135 490 4186 C.
512 4135 557 4186 10,
819 4161 822 4166 ·
869 4135 905 4183 ad
924 4135 1129 4183 matrimonium
1161 4135 1390 4200 contrahendum,
1413 4135 1460 4182 sed
1484 4133 1521 4184 ad

221 4203 260 4271 (9)
277 4205 383 4270 Nempe
402 4207 484 4268 quod,
497 4206 583 4269 juxta
602 4207 651 4255 cit.
666 4207 738 4258 Nov.
761 4207 823 4269 134,
863 4209 1031 4268 potestatem
1042 4207 1134 4254 mariti
1150 4203 1232 4267 super
1244 4217 1358 4254 uxorem
1369 4207 1519 4268 pertineat.

167 4275 211 4339 10,
237 4279 355 4340 uterque
374 4279 485 4338 coniux,
506 4278 551 4326 vel
571 4292 641 4326 unus
665 4285 773 4338 'eor-um,
795 4278 823 4326 in
861 4277 931 4327 Nam
952 4277 1004 4342 vir,
1023 4277 1102 4325 cuius
1121 4278 1356 4324 inmanumuxor
1375 4278 1521 4326 convenie-

166 4343 366 4398 mcnasterium
385 4350 569 4398 coniicerctur
589 4349 736 4411 omniaque
749 4351 823 4398 bona
860 4353 910 4404 set,
931 4363 986 4396 non
1011 4350 1122 4409 poterat
1141 4361 1202 4396 earn
1215 4348 1361 4409 repudiare
1387 4348 1451 4410 quin
1472 4363 1520 4410 pa·

167 4421 377 4484 applicarentur
390 4421 592 4483 parentibueet
603 4417 822 4484 monasteriem.
859 4420 928 4468 riter
952 4419 1118 4468 dissolveret
1147 4432 1268 4469 manum..
1299 4417 1383 4468 Secus
1402 4434 1437 4467 ex
1465 4433 1521 4468 una

168 4491 194 4543 8.
215 4493 241 4552 4,
263 4493 289 4548 5;
309 4493 352 4552 11,
374 4489 388 4540 1
410 4491 440 4542 C.
457 4491 640 4556 v,‚17;N0v.
661 4493 705 4552 22,
728 4491 758 4540 O.
781 4493 823 4552 15,
860 4493 941 4553 parte
960 4490 1108 4552 repulisset
1127 4505 1249 4549 uxorem,
1267 4491 1371 4539 exalia
1390 4491 1520 4539 retinuis-

130 4549 133 4566 '
166 4578 209 4626 pr.
230 4559 304 4630 3,C.
326 4564 413 4626 17,1,
435 4561 464 4612 O.
487 4561 530 4626 183
551 4563 623 4614 Nor.
645 4561 706 4624 117,
728 4559 823 4626 (2133
863 4564 906 4611 set
924 4562 1020 4609 filiam:
1042 4562 1115 4622 quod
1143 4575 1199 4610 non
1219 4563 1261 4610 est
1281 4561 1420 4612 voluntati
1440 4576 1520 4625 repu-

130 4639 132 4644 ’
167 4634 238 4685 Nov.
258 4635 318 4698 127,
338 4627 369 4684 U.
389 4635 415 4698 4;
436 4633 511 4684 Nor.
529 4634 588 4696 134,
611 4633 641 4685 O.
664 4636 718 4696 11).
849 4634 958 4697 diandi
982 4647 1144 4695 congruum.
