<?xml version="1.0" encoding="UTF-8"?>
<!DOCTYPE html PUBLIC "-//W3C//DTD XHTML 1.0 Transitional//EN"
    "http://www.w3.org/TR/xhtml1/DTD/xhtml1-transitional.dtd">
<html xmlns="http://www.w3.org/1999/xhtml" xml:lang="en" lang="en">
 <head>
  <title>
</title>
<meta http-equiv="Content-Type" content="text/html;charset=utf-8" />
  <meta name='ocr-system' content='tesseract 3.04.00' />
  <meta name='ocr-capabilities' content='ocr_page ocr_carea ocr_par ocr_line ocrx_word'/>
</head>
<body>
  <div class='ocr_page' id='page_1' title='image "./iuscivileromanu00gaspgoog_0213.png"; bbox 0 0 3712 5346; ppageno 0'>
   <div class='ocr_carea' id='block_1_1' title="bbox 799 361 1545 410">
    <p class='ocr_par' dir='ltr' id='par_1_1' title="bbox 799 361 1545 410">
     <span class='ocr_line' id='line_1_1' title="bbox 799 361 1545 410; baseline -0.003 0"><span class='ocrx_word' id='word_1_1' title='bbox 799 372 933 410; x_wconf 69' lang='lat' dir='ltr'>sarman</span> <span class='ocrx_word' id='word_1_2' title='bbox 1268 365 1272 371; x_wconf 88' lang='grc'><em>“</em></span> <span class='ocrx_word' id='word_1_3' title='bbox 1492 361 1545 409; x_wconf 80' lang='lat'>203</span> 
     </span>
    </p>
   </div>
   <div class='ocr_carea' id='block_1_2' title="bbox 196 488 1627 1194">
    <p class='ocr_par' dir='ltr' id='par_1_2' title="bbox 196 488 1627 991">
     <span class='ocr_line' id='line_1_2' title="bbox 264 488 1540 568; baseline -0.002 -18"><span class='ocrx_word' id='word_1_4' title='bbox 264 490 413 550; x_wconf 88' lang='lat' dir='ltr'>Primum</span> <span class='ocrx_word' id='word_1_5' title='bbox 444 489 562 550; x_wconf 86' lang='lat' dir='ltr'>aderat</span> <span class='ocrx_word' id='word_1_6' title='bbox 591 489 681 550; x_wconf 90' lang='lat' dir='ltr'>inter</span> <span class='ocrx_word' id='word_1_7' title='bbox 703 505 760 550; x_wconf 91' lang='lat' dir='ltr'>eas</span> <span class='ocrx_word' id='word_1_8' title='bbox 783 489 845 564; x_wconf 71' lang='lat' dir='ltr'>qui,</span> <span class='ocrx_word' id='word_1_9' title='bbox 865 488 938 548; x_wconf 88' lang='lat' dir='ltr'>iure</span> <span class='ocrx_word' id='word_1_10' title='bbox 961 489 1054 549; x_wconf 89' lang='lat' dir='ltr'>civili</span> <span class='ocrx_word' id='word_1_11' title='bbox 1076 505 1213 549; x_wconf 88' lang='lat' dir='ltr'>romano</span> <span class='ocrx_word' id='word_1_12' title='bbox 1236 488 1447 568; x_wconf 74' lang='lat' dir='ltr'><strong>fruebantur,</strong></span> <span class='ocrx_word' id='word_1_13' title='bbox 1479 506 1540 550; x_wconf 89' lang='lat' dir='ltr'>seu</span> 
     </span>
     <span class='ocr_line' id='line_1_3' title="bbox 197 591 1539 678; baseline 0.001 -22"><span class='ocrx_word' id='word_1_14' title='bbox 197 597 287 658; x_wconf 81' lang='lat' dir='ltr'>inter</span> <span class='ocrx_word' id='word_1_15' title='bbox 309 613 367 657; x_wconf 87' lang='lat' dir='ltr'>eos</span> <span class='ocrx_word' id='word_1_16' title='bbox 383 595 441 672; x_wconf 90' lang='lat' dir='ltr'>qui</span> <span class='ocrx_word' id='word_1_17' title='bbox 464 596 517 657; x_wconf 92' lang='lat' dir='ltr'>ius</span> <span class='ocrx_word' id='word_1_18' title='bbox 529 597 688 656; x_wconf 90' lang='lat' dir='ltr'>connubii</span> <span class='ocrx_word' id='word_1_19' title='bbox 701 591 746 678; x_wconf 81' lang='grc'>(2)</span> <span class='ocrx_word' id='word_1_20' title='bbox 761 597 959 658; x_wconf 87' lang='lat' dir='ltr'>habuissent</span> <span class='ocrx_word' id='word_1_21' title='bbox 971 597 1027 674; x_wconf 81' lang='lat' dir='ltr'>(b);</span> <span class='ocrx_word' id='word_1_22' title='bbox 1042 615 1145 672; x_wconf 87' lang='lat' dir='ltr'>quare</span> <span class='ocrx_word' id='word_1_23' title='bbox 1160 593 1367 658; x_wconf 86' lang='lat' dir='ltr'>solummodo</span> <span class='ocrx_word' id='word_1_24' title='bbox 1381 598 1475 658; x_wconf 90' lang='lat' dir='ltr'>cives</span> <span class='ocrx_word' id='word_1_25' title='bbox 1489 615 1539 658; x_wconf 91' lang='lat' dir='ltr'>ro·</span> 
     </span>
     <span class='ocr_line' id='line_1_4' title="bbox 196 701 1627 783; baseline 0.001 -19"><span class='ocrx_word' id='word_1_26' title='bbox 196 704 285 766; x_wconf 88' lang='lat' dir='ltr'>mani</span> <span class='ocrx_word' id='word_1_27' title='bbox 309 701 426 783; x_wconf 84' lang='lat' dir='ltr'>atilli,</span> <span class='ocrx_word' id='word_1_28' title='bbox 462 703 586 780; x_wconf 89' lang='lat' dir='ltr'>quibus</span> <span class='ocrx_word' id='word_1_29' title='bbox 609 721 651 763; x_wconf 83' lang='lat' dir='ltr'>ex</span> <span class='ocrx_word' id='word_1_30' title='bbox 674 703 852 780; x_wconf 84' lang='lat' dir='ltr'>privilegio</span> <span class='ocrx_word' id='word_1_31' title='bbox 887 704 971 762; x_wconf 87' lang='lat' dir='ltr'>illud</span> <span class='ocrx_word' id='word_1_32' title='bbox 995 705 1048 764; x_wconf 90' lang='lat' dir='ltr'>ius</span> <span class='ocrx_word' id='word_1_33' title='bbox 1072 703 1346 780; x_wconf 76' lang='lat' dir='ltr'>concedebatur,</span> <span class='ocrx_word' id='word_1_34' title='bbox 1382 707 1541 780; x_wconf 84' lang='lat' dir='ltr'>poterant</span> <span class='ocrx_word' id='word_1_35' title='bbox 1622 712 1627 716; x_wconf 80' lang='grc'>’</span> 
     </span>
     <span class='ocr_line' id='line_1_5' title="bbox 197 795 1584 890; baseline 0 -19"><span class='ocrx_word' id='word_1_36' title='bbox 197 811 343 872; x_wconf 87' lang='lat' dir='ltr'>civiliter</span> <span class='ocrx_word' id='word_1_37' title='bbox 366 811 573 870; x_wconf 75' lang='lat' dir='ltr'>contrahere.</span> <span class='ocrx_word' id='word_1_38' title='bbox 591 809 805 888; x_wconf 80' lang='lat' dir='ltr'>Huiusmodi,</span> <span class='ocrx_word' id='word_1_39' title='bbox 830 827 906 870; x_wconf 90' lang='lat' dir='ltr'>cum</span> <span class='ocrx_word' id='word_1_40' title='bbox 929 809 1114 870; x_wconf 89' lang='lat' dir='ltr'>secundum</span> <span class='ocrx_word' id='word_1_41' title='bbox 1138 795 1191 870; x_wconf 84' lang='lat' dir='ltr'>ius</span> <span class='ocrx_word' id='word_1_42' title='bbox 1226 813 1325 890; x_wconf 88' lang='lat' dir='ltr'>esset,</span> <span class='ocrx_word' id='word_1_43' title='bbox 1350 810 1539 886; x_wconf 88' lang='lat' dir='ltr'>appellaba·</span> <span class='ocrx_word' id='word_1_44' title='bbox 1583 839 1584 844; x_wconf 41' lang='lat'>1</span> 
     </span>
     <span class='ocr_line' id='line_1_6' title="bbox 196 915 748 991; baseline 0 -13"><span class='ocrx_word' id='word_1_45' title='bbox 196 920 254 978; x_wconf 88' lang='lat' dir='ltr'>tur</span> <span class='ocrx_word' id='word_1_46' title='bbox 276 917 519 977; x_wconf 74' lang='lat' dir='ltr'>matrimonium</span> <span class='ocrx_word' id='word_1_47' title='bbox 542 918 664 977; x_wconf 78' lang='lat' dir='ltr'>iactam</span> <span class='ocrx_word' id='word_1_48' title='bbox 688 915 748 991; x_wconf 84' lang='lat'><strong>(3).·</strong></span> 
     </span>
    </p>

    <p class='ocr_par' dir='ltr' id='par_1_3' title="bbox 196 1017 1542 1194">
     <span class='ocr_line' id='line_1_7' title="bbox 263 1017 1542 1105; baseline -0.001 -19"><span class='ocrx_word' id='word_1_49' title='bbox 263 1025 429 1102; x_wconf 87' lang='lat' dir='ltr'>Alterum,</span> <span class='ocrx_word' id='word_1_50' title='bbox 453 1024 543 1100; x_wconf 91' lang='lat' dir='ltr'>quod</span> <span class='ocrx_word' id='word_1_51' title='bbox 566 1041 633 1084; x_wconf 92' lang='lat' dir='ltr'>nou</span> <span class='ocrx_word' id='word_1_52' title='bbox 657 1017 731 1084; x_wconf 81' lang='lat' dir='ltr'>&#39;erat</span> <span class='ocrx_word' id='word_1_53' title='bbox 753 1025 937 1085; x_wconf 89' lang='lat' dir='ltr'>secundum</span> <span class='ocrx_word' id='word_1_54' title='bbox 952 1025 1004 1086; x_wconf 89' lang='lat' dir='ltr'>ius</span> <span class='ocrx_word' id='word_1_55' title='bbox 1021 1025 1120 1086; x_wconf 90' lang='lat' dir='ltr'>civile</span> <span class='ocrx_word' id='word_1_56' title='bbox 1145 1042 1328 1105; x_wconf 90' lang='lat' dir='ltr'>romanum,</span> <span class='ocrx_word' id='word_1_57' title='bbox 1352 1026 1542 1102; x_wconf 87' lang='lat' dir='ltr'>appellaba-</span> 
     </span>
     <span class='ocr_line' id='line_1_8' title="bbox 196 1131 707 1194; baseline -0.002 -1"><span class='ocrx_word' id='word_1_58' title='bbox 196 1135 254 1194; x_wconf 89' lang='lat' dir='ltr'>tur</span> <span class='ocrx_word' id='word_1_59' title='bbox 276 1132 518 1191; x_wconf 86' lang='lat' dir='ltr'>maim&#39;moaiam</span> <span class='ocrx_word' id='word_1_60' title='bbox 541 1131 707 1192; x_wconf 62' lang='lat' dir='ltr'>‘inaratam</span> 
     </span>
    </p>
   </div>
   <div class='ocr_carea' id='block_1_3' title="bbox 196 1238 1542 1849">
    <p class='ocr_par' dir='ltr' id='par_1_4' title="bbox 196 1238 1541 1528">
     <span class='ocr_line' id='line_1_9' title="bbox 263 1238 1540 1321; baseline -0.001 -23"><span class='ocrx_word' id='word_1_61' title='bbox 263 1238 481 1298; x_wconf 84' lang='lat' dir='ltr'>Necessarius</span> <span class='ocrx_word' id='word_1_62' title='bbox 505 1241 577 1298; x_wconf 88' lang='lat' dir='ltr'>erat</span> <span class='ocrx_word' id='word_1_63' title='bbox 615 1238 652 1321; x_wconf 86' lang='lat' dir='ltr'>in</span> <span class='ocrx_word' id='word_1_64' title='bbox 687 1241 830 1313; x_wconf 88' lang='lat' dir='ltr'>utroque</span> <span class='ocrx_word' id='word_1_65' title='bbox 854 1255 1037 1299; x_wconf 90' lang='lat' dir='ltr'>consensus</span> <span class='ocrx_word' id='word_1_66' title='bbox 1076 1240 1347 1300; x_wconf 82' lang='lat' dir='ltr'>contrahentium</span> <span class='ocrx_word' id='word_1_67' title='bbox 1372 1239 1425 1318; x_wconf 90' lang='lat' dir='ltr'>(c),</span> <span class='ocrx_word' id='word_1_68' title='bbox 1449 1241 1484 1300; x_wconf 92' lang='lat' dir='ltr'>et</span> <span class='ocrx_word' id='word_1_69' title='bbox 1506 1240 1540 1298; x_wconf 91' lang='lat' dir='ltr'>in</span> 
     </span>
     <span class='ocr_line' id='line_1_10' title="bbox 197 1327 1541 1423; baseline -0.001 -17"><span class='ocrx_word' id='word_1_70' title='bbox 197 1327 303 1423; x_wconf 67' lang='lat' dir='ltr'>p‘rimo</span> <span class='ocrx_word' id='word_1_71' title='bbox 326 1346 428 1406; x_wconf 89' lang='lat' dir='ltr'>etiam</span> <span class='ocrx_word' id='word_1_72' title='bbox 451 1345 687 1420; x_wconf 81' lang='lat' dir='ltr'>requirebatur</span> <span class='ocrx_word' id='word_1_73' title='bbox 709 1345 841 1404; x_wconf 89' lang='lat' dir='ltr'>illorum</span> <span class='ocrx_word' id='word_1_74' title='bbox 867 1361 1060 1422; x_wconf 87' lang='lat' dir='ltr'>consensus,</span> <span class='ocrx_word' id='word_1_75' title='bbox 1076 1346 1266 1421; x_wconf 86' lang='lat' dir='ltr'>inquorum</span> <span class='ocrx_word' id='word_1_76' title='bbox 1281 1331 1452 1421; x_wconf 83' lang='lat' dir='ltr'>potestate</span> <span class='ocrx_word' id='word_1_77' title='bbox 1465 1363 1541 1406; x_wconf 91' lang='lat' dir='ltr'>con·</span> 
     </span>
     <span class='ocr_line' id='line_1_11' title="bbox 196 1449 662 1528; baseline 0 -14"><span class='ocrx_word' id='word_1_78' title='bbox 196 1454 371 1514; x_wconf 77' lang='lat' dir='ltr'>trahentes</span> <span class='ocrx_word' id='word_1_79' title='bbox 394 1451 581 1512; x_wconf 80' lang='lat' dir='ltr'>existerent</span> <span class='ocrx_word' id='word_1_80' title='bbox 605 1449 662 1528; x_wconf 86' lang='lat' dir='ltr'>(d).</span> 
     </span>
    </p>

    <p class='ocr_par' dir='ltr' id='par_1_5' title="bbox 196 1554 1542 1849">
     <span class='ocr_line' id='line_1_12' title="bbox 264 1554 1542 1634; baseline -0.001 -15"><span class='ocrx_word' id='word_1_81' title='bbox 264 1554 455 1620; x_wconf 82' lang='lat' dir='ltr'>Oonditioni</span> <span class='ocrx_word' id='word_1_82' title='bbox 480 1556 715 1617; x_wconf 87' lang='lat' dir='ltr'>matrimoniali</span> <span class='ocrx_word' id='word_1_83' title='bbox 745 1558 808 1617; x_wconf 89' lang='lat' dir='ltr'>sub</span> <span class='ocrx_word' id='word_1_84' title='bbox 832 1557 945 1632; x_wconf 86' lang='lat' dir='ltr'>aliquo</span> <span class='ocrx_word' id='word_1_85' title='bbox 968 1559 1124 1632; x_wconf 88' lang='lat' dir='ltr'>respectu</span> <span class='ocrx_word' id='word_1_86' title='bbox 1148 1557 1374 1634; x_wconf 90' lang='lat' dir='ltr'>respondebat</span> <span class='ocrx_word' id='word_1_87' title='bbox 1398 1558 1542 1618; x_wconf 83' lang='lat' dir='ltr'>concubi·</span> 
     </span>
     <span class='ocr_line' id='line_1_13' title="bbox 196 1663 1541 1741; baseline 0.001 -17"><span class='ocrx_word' id='word_1_88' title='bbox 196 1670 294 1725; x_wconf 81' lang='lat' dir='ltr'>natm</span> <span class='ocrx_word' id='word_1_89' title='bbox 318 1664 371 1741; x_wconf 86' lang='grc'>(4),</span> <span class='ocrx_word' id='word_1_90' title='bbox 395 1663 529 1739; x_wconf 89' lang='lat' dir='ltr'>quando</span> <span class='ocrx_word' id='word_1_91' title='bbox 563 1681 682 1738; x_wconf 88' lang='lat' dir='ltr'>nempe</span> <span class='ocrx_word' id='word_1_92' title='bbox 717 1665 887 1724; x_wconf 88' lang='lat' dir='ltr'>masculus</span> <span class='ocrx_word' id='word_1_93' title='bbox 911 1668 946 1723; x_wconf 86' lang='lat' dir='ltr'>et</span> <span class='ocrx_word' id='word_1_94' title='bbox 967 1664 1092 1724; x_wconf 85' lang='lat' dir='ltr'>femina</span> <span class='ocrx_word' id='word_1_95' title='bbox 1119 1664 1255 1724; x_wconf 89' lang='lat' dir='ltr'>insimul</span> <span class='ocrx_word' id='word_1_96' title='bbox 1290 1665 1541 1741; x_wconf 82' lang='lat' dir='ltr'>cohabitabant,</span> 
     </span>
     <span class='ocr_line' id='line_1_14' title="bbox 197 1768 1541 1849; baseline 0.001 -17"><span class='ocrx_word' id='word_1_97' title='bbox 197 1772 279 1848; x_wconf 84' lang='lat' dir='ltr'>quin</span> <span class='ocrx_word' id='word_1_98' title='bbox 304 1772 524 1831; x_wconf 89' lang='lat' dir='ltr'>intentionem</span> <span class='ocrx_word' id='word_1_99' title='bbox 549 1768 696 1846; x_wconf 82' lang='lat' dir='ltr'>coniugii</span> <span class='ocrx_word' id='word_1_100' title='bbox 719 1771 791 1832; x_wconf 87' lang='lat' dir='ltr'>veri</span> <span class='ocrx_word' id='word_1_101' title='bbox 814 1770 904 1831; x_wconf 86' lang='lat' dir='ltr'>inter</span> <span class='ocrx_word' id='word_1_102' title='bbox 920 1787 955 1831; x_wconf 90' lang='lat' dir='ltr'>se</span> <span class='ocrx_word' id='word_1_103' title='bbox 980 1771 1200 1830; x_wconf 83' lang='lat' dir='ltr'>contrahendi</span> <span class='ocrx_word' id='word_1_104' title='bbox 1223 1771 1498 1849; x_wconf 84' lang='lat' dir='ltr'>praeseferrent(</span> <span class='ocrx_word' id='word_1_105' title='bbox 1522 1771 1541 1843; x_wconf 94' lang='grc'>).</span> 
     </span>
    </p>
   </div>
   <div class='ocr_carea' id='block_1_4' title="bbox 193 1926 1549 2775">
    <p class='ocr_par' dir='ltr' id='par_1_6' title="bbox 193 1926 1549 2348">
     <span class='ocr_line' id='line_1_15' title="bbox 246 1926 1547 1996; baseline -0.002 -18"><span class='ocrx_word' id='word_1_106' title='bbox 246 1929 287 1996; x_wconf 83' lang='lat' dir='ltr'>(b)</span> <span class='ocrx_word' id='word_1_107' title='bbox 306 1927 481 1977; x_wconf 83' lang='lat' dir='ltr'>Connubium</span> <span class='ocrx_word' id='word_1_108' title='bbox 505 1926 645 1989; x_wconf 88' lang='lat' dir='ltr'>proprium</span> <span class='ocrx_word' id='word_1_109' title='bbox 667 1930 728 1975; x_wconf 89' lang='lat' dir='ltr'>erat</span> <span class='ocrx_word' id='word_1_110' title='bbox 748 1927 851 1976; x_wconf 90' lang='lat' dir='ltr'>civium</span> <span class='ocrx_word' id='word_1_111' title='bbox 885 1926 990 1977; x_wconf 72' lang='lat' dir='ltr'>‘Obstat</span> <span class='ocrx_word' id='word_1_112' title='bbox 1001 1927 1020 1975; x_wconf 91' lang='lat'>1.</span> <span class='ocrx_word' id='word_1_113' title='bbox 1033 1927 1098 1976; x_wconf 78' lang='grc'><strong>311.</strong></span> <span class='ocrx_word' id='word_1_114' title='bbox 1111 1927 1139 1976; x_wconf 93' lang='lat' dir='ltr'>in</span> <span class='ocrx_word' id='word_1_115' title='bbox 1150 1941 1205 1990; x_wconf 86' lang='lat' dir='ltr'>qna</span> <span class='ocrx_word' id='word_1_116' title='bbox 1216 1941 1367 1976; x_wconf 88' lang='lat' dir='ltr'>consensus</span> <span class='ocrx_word' id='word_1_117' title='bbox 1378 1928 1423 1976; x_wconf 86' lang='lat' dir='ltr'>nvi</span> <span class='ocrx_word' id='word_1_118' title='bbox 1435 1928 1476 1978; x_wconf 86' lang='lat' dir='ltr'>uti</span> <span class='ocrx_word' id='word_1_119' title='bbox 1491 1928 1547 1977; x_wconf 85' lang='lat' dir='ltr'>suf·</span> 
     </span>
     <span class='ocr_line' id='line_1_16' title="bbox 194 1991 1547 2062; baseline -0.001 -12"><span class='ocrx_word' id='word_1_120' title='bbox 194 2013 371 2050; x_wconf 88' lang='lat' dir='ltr'>romanarum</span> <span class='ocrx_word' id='word_1_121' title='bbox 393 1999 469 2061; x_wconf 88' lang='lat' dir='ltr'>(Ulp.</span> <span class='ocrx_word' id='word_1_122' title='bbox 491 2009 522 2062; x_wconf 86' lang='lat' dir='ltr'>v,</span> <span class='ocrx_word' id='word_1_123' title='bbox 543 1999 569 2060; x_wconf 80' lang='lat'>43</span> <span class='ocrx_word' id='word_1_124' title='bbox 591 2013 633 2060; x_wconf 88' lang='lat' dir='ltr'>pr.</span> <span class='ocrx_word' id='word_1_125' title='bbox 655 1999 673 2046; x_wconf 89' lang='lat' dir='ltr'>i.</span> <span class='ocrx_word' id='word_1_126' title='bbox 692 2011 712 2058; x_wconf 87' lang='lat'>1,</span> <span class='ocrx_word' id='word_1_127' title='bbox 735 1999 789 2059; x_wconf 87' lang='grc'><strong>10),</strong></span> <span class='ocrx_word' id='word_1_128' title='bbox 805 2013 856 2047; x_wconf 84' lang='grc'><strong>1166</strong></span> <span class='ocrx_word' id='word_1_129' title='bbox 893 1999 969 2047; x_wconf 86' lang='lat' dir='ltr'>ciens</span> <span class='ocrx_word' id='word_1_130' title='bbox 989 1999 1117 2050; x_wconf 88' lang='lat' dir='ltr'>habetur.</span> <span class='ocrx_word' id='word_1_131' title='bbox 1134 1998 1251 2059; x_wconf 78' lang='lat' dir='ltr'>Quidam</span> <span class='ocrx_word' id='word_1_132' title='bbox 1272 1999 1369 2048; x_wconf 88' lang='lat' dir='ltr'>dicunt</span> <span class='ocrx_word' id='word_1_133' title='bbox 1388 1999 1432 2047; x_wconf 90' lang='lat' dir='ltr'>hin</span> <span class='ocrx_word' id='word_1_134' title='bbox 1452 2000 1497 2062; x_wconf 83' lang='lat' dir='ltr'>agi</span> <span class='ocrx_word' id='word_1_135' title='bbox 1513 1991 1547 2048; x_wconf 86' lang='lat' dir='ltr'>de</span> 
     </span>
     <span class='ocr_line' id='line_1_17' title="bbox 193 2069 1548 2137; baseline -0.001 -17"><span class='ocrx_word' id='word_1_136' title='bbox 193 2072 334 2137; x_wconf 84' lang='lat' dir='ltr'>peregrini</span> <span class='ocrx_word' id='word_1_137' title='bbox 366 2071 528 2132; x_wconf 84' lang='lat' dir='ltr'>gaudebant</span> <span class='ocrx_word' id='word_1_138' title='bbox 556 2069 607 2117; x_wconf 88' lang='lat' dir='ltr'>hoc</span> <span class='ocrx_word' id='word_1_139' title='bbox 635 2070 705 2133; x_wconf 85' lang='lat' dir='ltr'>inre,</span> <span class='ocrx_word' id='word_1_140' title='bbox 737 2069 791 2118; x_wconf 90' lang='lat' dir='ltr'>nisi</span> <span class='ocrx_word' id='word_1_141' title='bbox 820 2085 855 2118; x_wconf 84' lang='lat' dir='ltr'>ex</span> <span class='ocrx_word' id='word_1_142' title='bbox 896 2070 1016 2130; x_wconf 87' lang='lat' dir='ltr'>aasu,in</span> <span class='ocrx_word' id='word_1_143' title='bbox 1037 2084 1091 2131; x_wconf 91' lang='lat' dir='ltr'>quo</span> <span class='ocrx_word' id='word_1_144' title='bbox 1112 2070 1222 2132; x_wconf 86' lang='lat' dir='ltr'>nepotis</span> <span class='ocrx_word' id='word_1_145' title='bbox 1241 2073 1322 2132; x_wconf 87' lang='lat' dir='ltr'>pater</span> <span class='ocrx_word' id='word_1_146' title='bbox 1341 2071 1548 2133; x_wconf 87' lang='lat' dir='ltr'>haudnmplins</span> 
     </span>
     <span class='ocr_line' id='line_1_18' title="bbox 194 2137 1548 2206; baseline -0.001 -14"><span class='ocrx_word' id='word_1_147' title='bbox 194 2157 329 2206; x_wconf 84' lang='lat' dir='ltr'>expressa</span> <span class='ocrx_word' id='word_1_148' title='bbox 342 2141 520 2190; x_wconf 88' lang='lat' dir='ltr'>concessione</span> <span class='ocrx_word' id='word_1_149' title='bbox 551 2143 611 2190; x_wconf 84' lang='lat' dir='ltr'>sire</span> <span class='ocrx_word' id='word_1_150' title='bbox 642 2141 766 2201; x_wconf 72' lang='lat' dir='ltr'>generali</span> <span class='ocrx_word' id='word_1_151' title='bbox 797 2137 852 2206; x_wconf 85' lang='lat' dir='ltr'>(Cf.</span> <span class='ocrx_word' id='word_1_152' title='bbox 891 2141 921 2188; x_wconf 90' lang='lat' dir='ltr'>iu</span> <span class='ocrx_word' id='word_1_153' title='bbox 939 2141 1080 2202; x_wconf 82' lang='lat' dir='ltr'>potestate</span> <span class='ocrx_word' id='word_1_154' title='bbox 1101 2141 1147 2203; x_wconf 77' lang='lat' dir='ltr'>sit,</span> <span class='ocrx_word' id='word_1_155' title='bbox 1166 2141 1212 2190; x_wconf 85' lang='lat' dir='ltr'>vel</span> <span class='ocrx_word' id='word_1_156' title='bbox 1237 2142 1304 2206; x_wconf 87' lang='lat' dir='ltr'>quia</span> <span class='ocrx_word' id='word_1_157' title='bbox 1323 2141 1481 2203; x_wconf 87' lang='lat' dir='ltr'>defunctus,</span> <span class='ocrx_word' id='word_1_158' title='bbox 1503 2142 1548 2190; x_wconf 88' lang='lat' dir='ltr'>vel</span> 
     </span>
     <span class='ocr_line' id='line_1_19' title="bbox 193 2211 1549 2279; baseline -0.002 -15"><span class='ocrx_word' id='word_1_159' title='bbox 193 2215 258 2267; x_wconf 80' lang='lat' dir='ltr'>Liv.</span> <span class='ocrx_word' id='word_1_160' title='bbox 281 2227 299 2274; x_wconf 87' lang='lat'>1,</span> <span class='ocrx_word' id='word_1_161' title='bbox 321 2213 364 2271; x_wconf 78' lang='grc'><strong>26,</strong></span> <span class='ocrx_word' id='word_1_162' title='bbox 383 2211 438 2276; x_wconf 89' lang='grc'>49),</span> <span class='ocrx_word' id='word_1_163' title='bbox 458 2211 518 2260; x_wconf 86' lang='lat' dir='ltr'>sive</span> <span class='ocrx_word' id='word_1_164' title='bbox 538 2212 653 2273; x_wconf 85' lang='lat' dir='ltr'>speciali</span> <span class='ocrx_word' id='word_1_165' title='bbox 671 2212 744 2279; x_wconf 74' lang='grc'><strong>((161.</strong></span> <span class='ocrx_word' id='word_1_166' title='bbox 767 2229 786 2275; x_wconf 88' lang='grc'>1,</span> <span class='ocrx_word' id='word_1_167' title='bbox 807 2213 851 2261; x_wconf 82' lang='lat'>57.</span> <span class='ocrx_word' id='word_1_168' title='bbox 891 2213 957 2274; x_wconf 86' lang='lat' dir='ltr'>qnia</span> <span class='ocrx_word' id='word_1_169' title='bbox 976 2213 1163 2276; x_wconf 86' lang='lat' dir='ltr'>mancipatus.</span> <span class='ocrx_word' id='word_1_170' title='bbox 1185 2213 1240 2260; x_wconf 88' lang='lat' dir='ltr'>Alii</span> <span class='ocrx_word' id='word_1_171' title='bbox 1260 2227 1274 2260; x_wconf 90' lang='lat' dir='ltr'>e</span> <span class='ocrx_word' id='word_1_172' title='bbox 1294 2215 1393 2278; x_wconf 74' lang='lat' dir='ltr'>contra</span> <span class='ocrx_word' id='word_1_173' title='bbox 1405 2212 1549 2261; x_wconf 86' lang='lat' dir='ltr'>affirmant</span> 
     </span>
     <span class='ocr_line' id='line_1_20' title="bbox 195 2281 1548 2348; baseline -0.002 -13"><span class='ocrx_word' id='word_1_174' title='bbox 195 2286 240 2336; x_wconf 86' lang='lat' dir='ltr'>Cf.</span> <span class='ocrx_word' id='word_1_175' title='bbox 262 2286 327 2335; x_wconf 87' lang='lat' dir='ltr'>Tae.</span> <span class='ocrx_word' id='word_1_176' title='bbox 349 2285 432 2345; x_wconf 80' lang='lat' dir='ltr'>Ana,</span> <span class='ocrx_word' id='word_1_177' title='bbox 453 2281 586 2348; x_wconf 79' lang='lat' dir='ltr'>x11,53).</span> <span class='ocrx_word' id='word_1_178' title='bbox 893 2284 922 2331; x_wconf 91' lang='lat' dir='ltr'>in</span> <span class='ocrx_word' id='word_1_179' title='bbox 941 2284 960 2331; x_wconf 94' lang='lat' dir='ltr'>l.</span> <span class='ocrx_word' id='word_1_180' title='bbox 983 2284 998 2331; x_wconf 91' lang='lat'>3</span> <span class='ocrx_word' id='word_1_181' title='bbox 1027 2284 1061 2331; x_wconf 90' lang='lat' dir='ltr'>de</span> <span class='ocrx_word' id='word_1_182' title='bbox 1080 2284 1244 2346; x_wconf 83' lang='lat' dir='ltr'>exceptione</span> <span class='ocrx_word' id='word_1_183' title='bbox 1263 2285 1320 2346; x_wconf 82' lang='lat' dir='ltr'>agi,</span> <span class='ocrx_word' id='word_1_184' title='bbox 1347 2283 1453 2332; x_wconf 86' lang='lat' dir='ltr'>scilieet</span> <span class='ocrx_word' id='word_1_185' title='bbox 1474 2285 1548 2346; x_wconf 88' lang='lat' dir='ltr'>qnod</span> 
     </span>
    </p>

    <p class='ocr_par' dir='ltr' id='par_1_7' title="bbox 193 2353 1549 2775">
     <span class='ocr_line' id='line_1_21' title="bbox 249 2353 1547 2416; baseline 0 -12"><span class='ocrx_word' id='word_1_186' title='bbox 249 2357 326 2405; x_wconf 89' lang='lat' dir='ltr'>luter</span> <span class='ocrx_word' id='word_1_187' title='bbox 351 2356 428 2403; x_wconf 89' lang='lat' dir='ltr'>cives</span> <span class='ocrx_word' id='word_1_188' title='bbox 448 2357 476 2404; x_wconf 87' lang='lat' dir='ltr'>et</span> <span class='ocrx_word' id='word_1_189' title='bbox 495 2355 585 2403; x_wconf 89' lang='lat' dir='ltr'>socias</span> <span class='ocrx_word' id='word_1_190' title='bbox 613 2353 764 2416; x_wconf 85' lang='lat' dir='ltr'>aliquando</span> <span class='ocrx_word' id='word_1_191' title='bbox 792 2369 856 2402; x_wconf 89' lang='lat' dir='ltr'>can·</span> <span class='ocrx_word' id='word_1_192' title='bbox 893 2369 974 2413; x_wconf 84' lang='lat' dir='ltr'>avus,</span> <span class='ocrx_word' id='word_1_193' title='bbox 997 2357 1077 2416; x_wconf 87' lang='lat' dir='ltr'>patre</span> <span class='ocrx_word' id='word_1_194' title='bbox 1106 2355 1242 2415; x_wconf 87' lang='lat' dir='ltr'>inaudito,</span> <span class='ocrx_word' id='word_1_195' title='bbox 1264 2355 1354 2416; x_wconf 85' lang='lat' dir='ltr'>possit</span> <span class='ocrx_word' id='word_1_196' title='bbox 1379 2355 1547 2404; x_wconf 88' lang='lat' dir='ltr'>duobusne·</span> 
     </span>
     <span class='ocr_line' id='line_1_22' title="bbox 193 2420 1549 2488; baseline -0.002 -11"><span class='ocrx_word' id='word_1_197' title='bbox 193 2429 309 2478; x_wconf 88' lang='lat' dir='ltr'>nubium</span> <span class='ocrx_word' id='word_1_198' title='bbox 329 2429 389 2475; x_wconf 87' lang='lat' dir='ltr'>erat</span> <span class='ocrx_word' id='word_1_199' title='bbox 409 2426 483 2483; x_wconf 77' lang='lat' dir='ltr'>(liv.</span> <span class='ocrx_word' id='word_1_200' title='bbox 505 2439 524 2488; x_wconf 84' lang='lat'>1,</span> <span class='ocrx_word' id='word_1_201' title='bbox 544 2427 600 2486; x_wconf 89' lang='grc'>49).</span> <span class='ocrx_word' id='word_1_202' title='bbox 622 2425 796 2474; x_wconf 83' lang='lat' dir='ltr'>Concubium</span> <span class='ocrx_word' id='word_1_203' title='bbox 817 2420 855 2476; x_wconf 86' lang='lat' dir='ltr'>sa-</span> <span class='ocrx_word' id='word_1_204' title='bbox 893 2427 1007 2488; x_wconf 90' lang='lat' dir='ltr'>potibus</span> <span class='ocrx_word' id='word_1_205' title='bbox 1036 2426 1210 2475; x_wconf 87' lang='lat' dir='ltr'>consobrinis</span> <span class='ocrx_word' id='word_1_206' title='bbox 1238 2425 1446 2474; x_wconf 88' lang='lat' dir='ltr'>consentirent</span> <span class='ocrx_word' id='word_1_207' title='bbox 1475 2427 1549 2474; x_wconf 91' lang='lat' dir='ltr'>inter</span> 
     </span>
     <span class='ocr_line' id='line_1_23' title="bbox 194 2497 1119 2562; baseline -0.004 -14"><span class='ocrx_word' id='word_1_208' title='bbox 194 2500 247 2548; x_wconf 92' lang='lat' dir='ltr'>cile</span> <span class='ocrx_word' id='word_1_209' title='bbox 266 2498 446 2547; x_wconf 81' lang='lat' dir='ltr'>confunditur</span> <span class='ocrx_word' id='word_1_210' title='bbox 475 2511 537 2544; x_wconf 82' lang='lat' dir='ltr'>cuin</span> <span class='ocrx_word' id='word_1_211' title='bbox 565 2497 752 2562; x_wconf 80' lang='lat' dir='ltr'>matrimonio3</span> <span class='ocrx_word' id='word_1_212' title='bbox 775 2497 857 2558; x_wconf 82' lang='lat' dir='ltr'>idque</span> <span class='ocrx_word' id='word_1_213' title='bbox 895 2511 924 2546; x_wconf 89' lang='lat' dir='ltr'>se</span> <span class='ocrx_word' id='word_1_214' title='bbox 943 2497 1119 2545; x_wconf 84' lang='lat' dir='ltr'>contrahant.</span> 
     </span>
     <span class='ocr_line' id='line_1_24' title="bbox 194 2567 1549 2634; baseline -0.003 -14"><span class='ocrx_word' id='word_1_215' title='bbox 194 2572 279 2620; x_wconf 86' lang='lat' dir='ltr'>etiam</span> <span class='ocrx_word' id='word_1_216' title='bbox 309 2569 450 2631; x_wconf 79' lang='lat' dir='ltr'>contingit</span> <span class='ocrx_word' id='word_1_217' title='bbox 480 2568 507 2615; x_wconf 90' lang='lat' dir='ltr'>in</span> <span class='ocrx_word' id='word_1_218' title='bbox 537 2568 606 2630; x_wconf 87' lang='lat' dir='ltr'>ipsis</span> <span class='ocrx_word' id='word_1_219' title='bbox 635 2569 761 2616; x_wconf 77' lang='lat' dir='ltr'>fontibus</span> <span class='ocrx_word' id='word_1_220' title='bbox 790 2568 858 2616; x_wconf 89' lang='lat' dir='ltr'>iuris</span> <span class='ocrx_word' id='word_1_221' title='bbox 948 2571 985 2634; x_wconf 91' lang='grc'>(6)</span> <span class='ocrx_word' id='word_1_222' title='bbox 1005 2567 1214 2616; x_wconf 67' lang='lat' dir='ltr'>concubinatus</span> <span class='ocrx_word' id='word_1_223' title='bbox 1228 2567 1367 2616; x_wconf 89' lang='lat' dir='ltr'>interdum</span> <span class='ocrx_word' id='word_1_224' title='bbox 1380 2582 1479 2616; x_wconf 87' lang='lat' dir='ltr'>namen</span> <span class='ocrx_word' id='word_1_225' title='bbox 1494 2583 1549 2616; x_wconf 90' lang='lat' dir='ltr'>me-</span> 
     </span>
     <span class='ocr_line' id='line_1_25' title="bbox 193 2636 1547 2706; baseline -0.001 -16"><span class='ocrx_word' id='word_1_226' title='bbox 193 2637 688 2706; x_wconf 77' lang='grc' dir='ltr'><strong>(1.60.Τ1ι.1ν,11;1.10.’11.</strong></span> <span class='ocrx_word' id='word_1_227' title='bbox 711 2652 751 2700; x_wconf 91' lang='lat' dir='ltr'>1v,</span> <span class='ocrx_word' id='word_1_228' title='bbox 774 2639 855 2705; x_wconf 81' lang='grc'><strong>11;1.</strong></span> <span class='ocrx_word' id='word_1_229' title='bbox 893 2640 950 2687; x_wconf 90' lang='lat' dir='ltr'>ruit</span> <span class='ocrx_word' id='word_1_230' title='bbox 977 2636 1357 2704; x_wconf 68' lang='grc'><strong>61666661166611111911.(1.8</strong></span> <span class='ocrx_word' id='word_1_231' title='bbox 1382 2639 1412 2688; x_wconf 86' lang='lat' dir='ltr'>C.</span> <span class='ocrx_word' id='word_1_232' title='bbox 1443 2651 1474 2699; x_wconf 87' lang='lat' dir='ltr'>v,</span> <span class='ocrx_word' id='word_1_233' title='bbox 1503 2639 1547 2702; x_wconf 76' lang='lat'>273</span> 
     </span>
     <span class='ocr_line' id='line_1_26' title="bbox 194 2708 1548 2775; baseline -0.003 -13"><span class='ocrx_word' id='word_1_234' title='bbox 194 2715 210 2762; x_wconf 89' lang='grc'>2</span> <span class='ocrx_word' id='word_1_235' title='bbox 230 2712 260 2762; x_wconf 77' lang='lat' dir='ltr'>C.</span> <span class='ocrx_word' id='word_1_236' title='bbox 280 2713 331 2762; x_wconf 83' lang='lat' dir='ltr'>Th.</span> <span class='ocrx_word' id='word_1_237' title='bbox 353 2725 394 2768; x_wconf 80' lang='lat' dir='ltr'>rx,</span> <span class='ocrx_word' id='word_1_238' title='bbox 419 2709 444 2775; x_wconf 81' lang='lat'>73</span> <span class='ocrx_word' id='word_1_239' title='bbox 465 2710 484 2758; x_wconf 94' lang='lat' dir='ltr'>l.</span> <span class='ocrx_word' id='word_1_240' title='bbox 506 2710 522 2758; x_wconf 84' lang='lat'>6</span> <span class='ocrx_word' id='word_1_241' title='bbox 542 2709 572 2758; x_wconf 89' lang='lat' dir='ltr'>C.</span> <span class='ocrx_word' id='word_1_242' title='bbox 593 2709 645 2758; x_wconf 85' lang='lat' dir='ltr'>Th.</span> <span class='ocrx_word' id='word_1_243' title='bbox 666 2723 720 2772; x_wconf 82' lang='lat' dir='ltr'>xil,</span> <span class='ocrx_word' id='word_1_244' title='bbox 742 2712 779 2770; x_wconf 91' lang='lat'>1).</span> <span class='ocrx_word' id='word_1_245' title='bbox 893 2710 965 2759; x_wconf 80' lang='lat' dir='ltr'>Nar.</span> <span class='ocrx_word' id='word_1_246' title='bbox 981 2710 1031 2762; x_wconf 88' lang='lat' dir='ltr'>Th.</span> <span class='ocrx_word' id='word_1_247' title='bbox 1048 2708 1134 2774; x_wconf 84' lang='lat' dir='ltr'>xxx);</span> <span class='ocrx_word' id='word_1_248' title='bbox 1148 2710 1235 2758; x_wconf 79' lang='lat' dir='ltr'>etalii</span> <span class='ocrx_word' id='word_1_249' title='bbox 1250 2710 1548 2758; x_wconf 85' lang='lat' dir='ltr'>animadvertuntnul-</span> 
     </span>
    </p>
   </div>
   <div class='ocr_carea' id='block_1_5' title="bbox 249 2781 1633 2850">
    <p class='ocr_par' dir='ltr' id='par_1_8' title="bbox 249 2781 1633 2850">
     <span class='ocr_line' id='line_1_27' title="bbox 249 2781 1633 2850; baseline -0.003 -18"><span class='ocrx_word' id='word_1_250' title='bbox 249 2782 286 2850; x_wconf 81' lang='grc'>(6)</span> <span class='ocrx_word' id='word_1_251' title='bbox 305 2783 466 2832; x_wconf 84' lang='lat' dir='ltr'>Generatim</span> <span class='ocrx_word' id='word_1_252' title='bbox 495 2781 634 2842; x_wconf 89' lang='lat' dir='ltr'>loquendo</span> <span class='ocrx_word' id='word_1_253' title='bbox 660 2782 856 2844; x_wconf 83' lang='lat' dir='ltr'>requirebatur</span> <span class='ocrx_word' id='word_1_254' title='bbox 894 2781 947 2830; x_wconf 91' lang='lat' dir='ltr'>lam</span> <span class='ocrx_word' id='word_1_255' title='bbox 969 2795 1156 2842; x_wconf 88' lang='lat' dir='ltr'>prorsuscum</span> <span class='ocrx_word' id='word_1_256' title='bbox 1176 2781 1546 2830; x_wconf 83' lang='lat' dir='ltr'>matrimonioveramrela·</span> <span class='ocrx_word' id='word_1_257' title='bbox 1632 2831 1633 2834; x_wconf 53' lang='lat'>,</span> 
     </span>
    </p>
   </div>
   <div class='ocr_carea' id='block_1_6' title="bbox 184 2852 1549 3412">
    <p class='ocr_par' dir='ltr' id='par_1_9' title="bbox 184 2852 1549 3274">
     <span class='ocr_line' id='line_1_28' title="bbox 193 2852 1549 2914; baseline -0.004 -9"><span class='ocrx_word' id='word_1_258' title='bbox 193 2853 391 2906; x_wconf 87' lang='lat' dir='ltr'>consensusad</span> <span class='ocrx_word' id='word_1_259' title='bbox 402 2853 553 2901; x_wconf 89' lang='lat' dir='ltr'>ineundum</span> <span class='ocrx_word' id='word_1_260' title='bbox 572 2853 791 2903; x_wconf 83' lang='lat' dir='ltr'>matrimonium.</span> <span class='ocrx_word' id='word_1_261' title='bbox 806 2854 852 2901; x_wconf 87' lang='lat' dir='ltr'>At·</span> <span class='ocrx_word' id='word_1_262' title='bbox 891 2854 1006 2914; x_wconf 88' lang='lat' dir='ltr'>tionem,</span> <span class='ocrx_word' id='word_1_263' title='bbox 1022 2852 1301 2914; x_wconf 82' lang='lat' dir='ltr'>habuisse,quamvis</span> <span class='ocrx_word' id='word_1_264' title='bbox 1321 2853 1469 2914; x_wconf 83' lang='lat' dir='ltr'>imaginem</span> <span class='ocrx_word' id='word_1_265' title='bbox 1490 2853 1549 2900; x_wconf 87' lang='lat' dir='ltr'>eius</span> 
     </span>
     <span class='ocr_line' id='line_1_29' title="bbox 193 2923 1548 2991; baseline -0.003 -15"><span class='ocrx_word' id='word_1_266' title='bbox 193 2931 287 2976; x_wconf 89' lang='lat' dir='ltr'>tamen</span> <span class='ocrx_word' id='word_1_267' title='bbox 308 2926 408 2976; x_wconf 87' lang='lat' dir='ltr'>aderat</span> <span class='ocrx_word' id='word_1_268' title='bbox 426 2939 517 2982; x_wconf 77' lang='lat' dir='ltr'>casus,</span> <span class='ocrx_word' id='word_1_269' title='bbox 537 2925 566 2972; x_wconf 87' lang='lat' dir='ltr'>in</span> <span class='ocrx_word' id='word_1_270' title='bbox 592 2938 647 2985; x_wconf 90' lang='lat' dir='ltr'>quo</span> <span class='ocrx_word' id='word_1_271' title='bbox 667 2925 726 2986; x_wconf 89' lang='lat' dir='ltr'>ipse</span> <span class='ocrx_word' id='word_1_272' title='bbox 745 2938 857 2986; x_wconf 88' lang='lat' dir='ltr'>praesu·</span> <span class='ocrx_word' id='word_1_273' title='bbox 896 2924 924 2991; x_wconf 84' lang='lat' dir='ltr'>in</span> <span class='ocrx_word' id='word_1_274' title='bbox 944 2925 1013 2971; x_wconf 87' lang='lat' dir='ltr'>hene</span> <span class='ocrx_word' id='word_1_275' title='bbox 1033 2923 1128 2972; x_wconf 87' lang='lat' dir='ltr'>multis</span> <span class='ocrx_word' id='word_1_276' title='bbox 1138 2924 1317 2984; x_wconf 82' lang='lat' dir='ltr'>expresserit.</span> <span class='ocrx_word' id='word_1_277' title='bbox 1339 2923 1548 2972; x_wconf 73' lang='lat' dir='ltr'>concubinatus</span> 
     </span>
     <span class='ocr_line' id='line_1_30' title="bbox 192 2994 1546 3060; baseline -0.004 -13"><span class='ocrx_word' id='word_1_278' title='bbox 192 3001 331 3060; x_wconf 79' lang='lat' dir='ltr'>mehatur3</span> <span class='ocrx_word' id='word_1_279' title='bbox 347 2997 477 3045; x_wconf 89' lang='lat' dir='ltr'>nimirum</span> <span class='ocrx_word' id='word_1_280' title='bbox 491 2997 514 3044; x_wconf 89' lang='lat' dir='ltr'>si</span> <span class='ocrx_word' id='word_1_281' title='bbox 533 2997 679 3057; x_wconf 86' lang='lat' dir='ltr'>patronus,</span> <span class='ocrx_word' id='word_1_282' title='bbox 696 2994 856 3057; x_wconf 80' lang='lat' dir='ltr'>quietique</span> <span class='ocrx_word' id='word_1_283' title='bbox 892 2995 1038 3056; x_wconf 88' lang='lat' dir='ltr'>speciatim</span> <span class='ocrx_word' id='word_1_284' title='bbox 1052 2995 1247 3056; x_wconf 79' lang='lat' dir='ltr'>frequentatus</span> <span class='ocrx_word' id='word_1_285' title='bbox 1266 2997 1309 3043; x_wconf 86' lang='lat' dir='ltr'>est</span> <span class='ocrx_word' id='word_1_286' title='bbox 1321 3009 1338 3041; x_wconf 85' lang='lat' dir='ltr'>a</span> <span class='ocrx_word' id='word_1_287' title='bbox 1354 2997 1471 3057; x_wconf 90' lang='lat' dir='ltr'>patrono</span> <span class='ocrx_word' id='word_1_288' title='bbox 1485 3009 1546 3043; x_wconf 92' lang='lat' dir='ltr'>oum</span> 
     </span>
     <span class='ocr_line' id='line_1_31' title="bbox 197 3063 1549 3131; baseline -0.004 -13"><span class='ocrx_word' id='word_1_289' title='bbox 197 3069 396 3120; x_wconf 85' lang='lat' dir='ltr'>manumissam</span> <span class='ocrx_word' id='word_1_290' title='bbox 410 3068 463 3115; x_wconf 90' lang='lat' dir='ltr'>sibi</span> <span class='ocrx_word' id='word_1_291' title='bbox 483 3069 587 3115; x_wconf 87' lang='lat' dir='ltr'>nubere</span> <span class='ocrx_word' id='word_1_292' title='bbox 600 3067 718 3114; x_wconf 88' lang='lat' dir='ltr'>invitam</span> <span class='ocrx_word' id='word_1_293' title='bbox 732 3081 787 3114; x_wconf 90' lang='lat' dir='ltr'>non</span> <span class='ocrx_word' id='word_1_294' title='bbox 806 3081 854 3128; x_wconf 90' lang='lat' dir='ltr'>po·</span> <span class='ocrx_word' id='word_1_295' title='bbox 891 3066 992 3114; x_wconf 88' lang='lat' dir='ltr'>liberta</span> <span class='ocrx_word' id='word_1_296' title='bbox 1006 3080 1056 3114; x_wconf 84' lang='lat' dir='ltr'>sue</span> <span class='ocrx_word' id='word_1_297' title='bbox 1069 3063 1097 3131; x_wconf 86' lang='lat' dir='ltr'>(l.</span> <span class='ocrx_word' id='word_1_298' title='bbox 1113 3067 1137 3126; x_wconf 93' lang='grc'>1,</span> <span class='ocrx_word' id='word_1_299' title='bbox 1154 3080 1206 3129; x_wconf 73' lang='lat' dir='ltr'>pr,</span> <span class='ocrx_word' id='word_1_300' title='bbox 1220 3077 1295 3126; x_wconf 84' lang='lat' dir='ltr'>xxv,</span> <span class='ocrx_word' id='word_1_301' title='bbox 1312 3063 1347 3130; x_wconf 82' lang='lat'>7).</span> <span class='ocrx_word' id='word_1_302' title='bbox 1364 3066 1419 3114; x_wconf 77' lang='lat' dir='ltr'>Sub</span> <span class='ocrx_word' id='word_1_303' title='bbox 1434 3066 1549 3127; x_wconf 89' lang='lat' dir='ltr'>imperio</span> 
     </span>
     <span class='ocr_line' id='line_1_32' title="bbox 193 3137 1548 3204; baseline -0.004 -14"><span class='ocrx_word' id='word_1_304' title='bbox 193 3144 387 3204; x_wconf 82' lang='lat' dir='ltr'>teratcagcre,</span> <span class='ocrx_word' id='word_1_305' title='bbox 403 3139 464 3186; x_wconf 90' lang='lat' dir='ltr'>idea</span> <span class='ocrx_word' id='word_1_306' title='bbox 484 3139 702 3200; x_wconf 87' lang='lat' dir='ltr'>manumisisset,</span> <span class='ocrx_word' id='word_1_307' title='bbox 717 3139 749 3185; x_wconf 88' lang='lat' dir='ltr'>nt</span> <span class='ocrx_word' id='word_1_308' title='bbox 763 3152 855 3186; x_wconf 88' lang='lat' dir='ltr'>secum</span> <span class='ocrx_word' id='word_1_309' title='bbox 892 3138 1045 3185; x_wconf 85' lang='lat' dir='ltr'>christiano</span> <span class='ocrx_word' id='word_1_310' title='bbox 1070 3137 1162 3199; x_wconf 90' lang='lat' dir='ltr'>coepit</span> <span class='ocrx_word' id='word_1_311' title='bbox 1181 3138 1321 3198; x_wconf 87' lang='lat' dir='ltr'>reprobari</span> <span class='ocrx_word' id='word_1_312' title='bbox 1342 3139 1370 3184; x_wconf 87' lang='lat' dir='ltr'>ot</span> <span class='ocrx_word' id='word_1_313' title='bbox 1389 3141 1548 3186; x_wconf 81' lang='lat' dir='ltr'>accuratae</span> 
     </span>
     <span class='ocr_line' id='line_1_33' title="bbox 184 3207 1549 3274; baseline 0 -18"><span class='ocrx_word' id='word_1_314' title='bbox 184 3211 371 3261; x_wconf 65' lang='lat' dir='ltr'>,contraheret</span> <span class='ocrx_word' id='word_1_315' title='bbox 389 3207 428 3274; x_wconf 90' lang='lat' dir='ltr'>(ll.</span> <span class='ocrx_word' id='word_1_316' title='bbox 449 3209 493 3272; x_wconf 79' lang='lat'>283</span> <span class='ocrx_word' id='word_1_317' title='bbox 511 3210 556 3268; x_wconf 73' lang='grc'>29,</span> <span class='ocrx_word' id='word_1_318' title='bbox 579 3221 667 3269; x_wconf 77' lang='lat' dir='ltr'>xxiii,</span> <span class='ocrx_word' id='word_1_319' title='bbox 690 3208 727 3269; x_wconf 87' lang='grc'>2).</span> <span class='ocrx_word' id='word_1_320' title='bbox 891 3209 1067 3257; x_wconf 90' lang='lat' dir='ltr'>matrimonio</span> <span class='ocrx_word' id='word_1_321' title='bbox 1092 3209 1238 3270; x_wconf 84' lang='lat' dir='ltr'>distingui.</span> <span class='ocrx_word' id='word_1_322' title='bbox 1254 3209 1328 3256; x_wconf 89' lang='lat' dir='ltr'>Vera</span> <span class='ocrx_word' id='word_1_323' title='bbox 1352 3208 1467 3256; x_wconf 88' lang='lat' dir='ltr'>abolitio</span> <span class='ocrx_word' id='word_1_324' title='bbox 1493 3223 1549 3256; x_wconf 88' lang='lat' dir='ltr'>nou</span> 
     </span>
    </p>

    <p class='ocr_par' dir='ltr' id='par_1_10' title="bbox 192 3273 1546 3412">
     <span class='ocr_line' id='line_1_34' title="bbox 247 3273 1546 3348; baseline -0.002 -17"><span class='ocrx_word' id='word_1_325' title='bbox 247 3284 286 3348; x_wconf 86' lang='grc'><strong>(11)</strong></span> <span class='ocrx_word' id='word_1_326' title='bbox 306 3282 415 3343; x_wconf 82' lang='lat' dir='ltr'>Regula</span> <span class='ocrx_word' id='word_1_327' title='bbox 437 3281 555 3343; x_wconf 79' lang='lat' dir='ltr'>vigebat</span> <span class='ocrx_word' id='word_1_328' title='bbox 577 3281 651 3342; x_wconf 90' lang='lat' dir='ltr'>quad</span> <span class='ocrx_word' id='word_1_329' title='bbox 669 3280 765 3342; x_wconf 87' lang='lat' dir='ltr'>nepoti</span> <span class='ocrx_word' id='word_1_330' title='bbox 790 3295 857 3328; x_wconf 87' lang='lat' dir='ltr'>uxa-</span> <span class='ocrx_word' id='word_1_331' title='bbox 894 3280 1006 3338; x_wconf 87' lang='lat' dir='ltr'>accidit,</span> <span class='ocrx_word' id='word_1_332' title='bbox 1027 3279 1081 3327; x_wconf 87' lang='lat' dir='ltr'>nisi</span> <span class='ocrx_word' id='word_1_333' title='bbox 1101 3280 1190 3328; x_wconf 89' lang='lat' dir='ltr'>serius</span> <span class='ocrx_word' id='word_1_334' title='bbox 1204 3283 1232 3326; x_wconf 89' lang='lat' dir='ltr'>et</span> <span class='ocrx_word' id='word_1_335' title='bbox 1251 3273 1361 3340; x_wconf 85' lang='lat' dir='ltr'>quidem</span> <span class='ocrx_word' id='word_1_336' title='bbox 1381 3279 1409 3326; x_wconf 88' lang='lat' dir='ltr'>in</span> <span class='ocrx_word' id='word_1_337' title='bbox 1423 3279 1546 3341; x_wconf 84' lang='lat' dir='ltr'>Oriente,</span> 
     </span>
     <span class='ocr_line' id='line_1_35' title="bbox 192 3349 1257 3412; baseline -0.003 -10"><span class='ocrx_word' id='word_1_338' title='bbox 192 3368 251 3402; x_wconf 89' lang='lat' dir='ltr'>rem</span> <span class='ocrx_word' id='word_1_339' title='bbox 270 3353 383 3402; x_wconf 83' lang='lat' dir='ltr'>ducenti</span> <span class='ocrx_word' id='word_1_340' title='bbox 402 3367 456 3400; x_wconf 90' lang='lat' dir='ltr'>nan</span> <span class='ocrx_word' id='word_1_341' title='bbox 478 3351 566 3401; x_wconf 88' lang='lat' dir='ltr'>solum</span> <span class='ocrx_word' id='word_1_342' title='bbox 578 3366 648 3400; x_wconf 84' lang='lat' dir='ltr'>avus</span> <span class='ocrx_word' id='word_1_343' title='bbox 669 3352 716 3399; x_wconf 90' lang='lat' dir='ltr'>sed</span> <span class='ocrx_word' id='word_1_344' title='bbox 731 3354 758 3398; x_wconf 92' lang='lat' dir='ltr'>et</span> <span class='ocrx_word' id='word_1_345' title='bbox 771 3354 852 3412; x_wconf 84' lang='lat' dir='ltr'>pater</span> <span class='ocrx_word' id='word_1_346' title='bbox 888 3365 944 3403; x_wconf 88' lang='lat' dir='ltr'>non</span> <span class='ocrx_word' id='word_1_347' title='bbox 963 3365 1031 3398; x_wconf 86' lang='lat' dir='ltr'>vcro</span> <span class='ocrx_word' id='word_1_348' title='bbox 1050 3351 1078 3398; x_wconf 91' lang='lat' dir='ltr'>in</span> <span class='ocrx_word' id='word_1_349' title='bbox 1098 3349 1257 3399; x_wconf 88' lang='lat' dir='ltr'>Occidente.</span> 
     </span>
    </p>
   </div>
   <div class='ocr_carea' id='block_1_7' title="bbox 14 3421 1547 3489">
    <p class='ocr_par' dir='ltr' id='par_1_11' title="bbox 14 3421 1547 3489">
     <span class='ocr_line' id='line_1_36' title="bbox 14 3421 1547 3489; baseline -0.002 -17"><span class='ocrx_word' id='word_1_350' title='bbox 14 3443 17 3472; x_wconf 82' lang='lat' dir='ltr'>l</span> <span class='ocrx_word' id='word_1_351' title='bbox 99 3443 102 3453; x_wconf 65' lang='lat'><strong>¹</strong></span> <span class='ocrx_word' id='word_1_352' title='bbox 192 3421 851 3489; x_wconf 66' lang='lat' dir='ltr'>eiusconsentiredabebatd.16,1‚xr111,2).</span> <span class='ocrx_word' id='word_1_353' title='bbox 944 3421 997 3470; x_wconf 82' lang='lat' dir='ltr'>Sed</span> <span class='ocrx_word' id='word_1_354' title='bbox 1012 3421 1095 3470; x_wconf 89' lang='lat' dir='ltr'>etiam</span> <span class='ocrx_word' id='word_1_355' title='bbox 1109 3421 1547 3483; x_wconf 85' lang='lat' dir='ltr'>antiquitusooncnbinatnsnon</span> 
     </span>
    </p>
   </div>
   <div class='ocr_carea' id='block_1_8' title="bbox 193 3625 1597 4687">
    <p class='ocr_par' dir='ltr' id='par_1_12' title="bbox 193 3625 1597 3761">
     <span class='ocr_line' id='line_1_37' title="bbox 247 3625 1597 3697; baseline -0.003 -19"><span class='ocrx_word' id='word_1_356' title='bbox 247 3625 286 3697; x_wconf 83' lang='lat'>(2)</span> <span class='ocrx_word' id='word_1_357' title='bbox 305 3629 430 3687; x_wconf 86' lang='lat' dir='ltr'>Gerlach,</span> <span class='ocrx_word' id='word_1_358' title='bbox 453 3629 492 3676; x_wconf 85' lang='lat' dir='ltr'>De</span> <span class='ocrx_word' id='word_1_359' title='bbox 510 3641 676 3677; x_wconf 79' lang='lat' dir='ltr'>rauracorum</span> <span class='ocrx_word' id='word_1_360' title='bbox 694 3627 827 3683; x_wconf 77' lang='lat' dir='ltr'>cannabio,</span> <span class='ocrx_word' id='word_1_361' title='bbox 849 3625 926 3687; x_wconf 80' lang='lat' dir='ltr'>Hal,</span> <span class='ocrx_word' id='word_1_362' title='bbox 949 3626 1016 3674; x_wconf 83' lang='lat'>1851</span> <span class='ocrx_word' id='word_1_363' title='bbox 1037 3651 1071 3661; x_wconf 94' lang='lat'>-</span> <span class='ocrx_word' id='word_1_364' title='bbox 1090 3626 1265 3688; x_wconf 77' lang='lat' dir='ltr'>Todeschini,</span> <span class='ocrx_word' id='word_1_365' title='bbox 1287 3627 1338 3675; x_wconf 82' lang='lat' dir='ltr'>Del</span> <span class='ocrx_word' id='word_1_366' title='bbox 1364 3627 1415 3676; x_wconf 82' lang='lat' dir='ltr'>dir.</span> <span class='ocrx_word' id='word_1_367' title='bbox 1435 3627 1463 3673; x_wconf 84' lang='lat' dir='ltr'>m·</span> <span class='ocrx_word' id='word_1_368' title='bbox 1490 3641 1549 3674; x_wconf 88' lang='lat' dir='ltr'>con·</span> <span class='ocrx_word' id='word_1_369' title='bbox 1595 3633 1597 3636; x_wconf 81' lang='grc'><strong>“</strong></span> 
     </span>
     <span class='ocr_line' id='line_1_38' title="bbox 193 3696 1111 3761; baseline -0.005 -10"><span class='ocrx_word' id='word_1_370' title='bbox 193 3703 269 3751; x_wconf 79' lang='lat' dir='ltr'>nabla</span> <span class='ocrx_word' id='word_1_371' title='bbox 289 3706 365 3749; x_wconf 84' lang='lat' dir='ltr'>acaia</span> <span class='ocrx_word' id='word_1_372' title='bbox 384 3701 508 3760; x_wconf 72' lang='lat' dir='ltr'>riquardo</span> <span class='ocrx_word' id='word_1_373' title='bbox 527 3696 575 3746; x_wconf 84' lang='lat' dir='ltr'>all’</span> <span class='ocrx_word' id='word_1_374' title='bbox 591 3699 680 3746; x_wconf 81' lang='lat' dir='ltr'>antica</span> <span class='ocrx_word' id='word_1_375' title='bbox 694 3699 770 3761; x_wconf 81' lang='lat' dir='ltr'>piade</span> <span class='ocrx_word' id='word_1_376' title='bbox 788 3713 866 3761; x_wconf 79' lang='lat' dir='ltr'>ram,</span> <span class='ocrx_word' id='word_1_377' title='bbox 887 3697 1011 3760; x_wconf 84' lang='lat' dir='ltr'>Padova,</span> <span class='ocrx_word' id='word_1_378' title='bbox 1033 3698 1111 3746; x_wconf 78' lang='lat'>1855.</span> 
     </span>
    </p>

    <p class='ocr_par' dir='ltr' id='par_1_13' title="bbox 193 3767 1549 4406">
     <span class='ocr_line' id='line_1_39' title="bbox 246 3767 1545 3838; baseline -0.004 -17"><span class='ocrx_word' id='word_1_379' title='bbox 246 3769 285 3838; x_wconf 86' lang='grc'>(3)</span> <span class='ocrx_word' id='word_1_380' title='bbox 306 3773 427 3831; x_wconf 84' lang='lat' dir='ltr'>Miinter‚</span> <span class='ocrx_word' id='word_1_381' title='bbox 448 3772 489 3818; x_wconf 84' lang='lat' dir='ltr'>Da</span> <span class='ocrx_word' id='word_1_382' title='bbox 507 3772 620 3820; x_wconf 83' lang='lat' dir='ltr'>matrim.</span> <span class='ocrx_word' id='word_1_383' title='bbox 641 3785 717 3830; x_wconf 84' lang='lat' dir='ltr'>rom,</span> <span class='ocrx_word' id='word_1_384' title='bbox 739 3771 767 3817; x_wconf 84' lang='lat' dir='ltr'>ia</span> <span class='ocrx_word' id='word_1_385' title='bbox 779 3771 862 3831; x_wconf 76' lang='lat' dir='ltr'>spacia</span> <span class='ocrx_word' id='word_1_386' title='bbox 881 3770 911 3816; x_wconf 83' lang='lat' dir='ltr'>dc</span> <span class='ocrx_word' id='word_1_387' title='bbox 930 3769 1103 3830; x_wconf 78' lang='lat' dir='ltr'>confermata,</span> <span class='ocrx_word' id='word_1_388' title='bbox 1126 3767 1245 3828; x_wconf 67' lang='lat' dir='ltr'>accain,</span> <span class='ocrx_word' id='word_1_389' title='bbox 1270 3769 1338 3817; x_wconf 87' lang='grc'><strong>1786</strong></span> <span class='ocrx_word' id='word_1_390' title='bbox 1355 3796 1380 3804; x_wconf 82' lang='lat'>—</span> <span class='ocrx_word' id='word_1_391' title='bbox 1394 3767 1545 3829; x_wconf 83' lang='lat' dir='ltr'>Rossbach,</span> 
     </span>
     <span class='ocr_line' id='line_1_40' title="bbox 199 3839 1548 3904; baseline -0.004 -11"><span class='ocrx_word' id='word_1_392' title='bbox 199 3843 425 3904; x_wconf 74' lang='lat' dir='ltr'>Ualeraacbanpan</span> <span class='ocrx_word' id='word_1_393' title='bbox 445 3843 505 3891; x_wconf 81' lang='lat' dir='ltr'>iiber</span> <span class='ocrx_word' id='word_1_394' title='bbox 523 3843 548 3892; x_wconf 81' lang='lat' dir='ltr'>d.</span> <span class='ocrx_word' id='word_1_395' title='bbox 569 3845 634 3890; x_wconf 75' lang='lat' dir='ltr'>adm.</span> <span class='ocrx_word' id='word_1_396' title='bbox 655 3841 718 3903; x_wconf 82' lang='lat' dir='ltr'>Ebc,</span> <span class='ocrx_word' id='word_1_397' title='bbox 738 3841 857 3903; x_wconf 63' lang='lat' dir='ltr'>stuttg,</span> <span class='ocrx_word' id='word_1_398' title='bbox 871 3839 949 3889; x_wconf 77' lang='grc'><strong>’1863</strong></span> <span class='ocrx_word' id='word_1_399' title='bbox 970 3839 1058 3902; x_wconf 88' lang='lat' dir='ltr'>(Opus</span> <span class='ocrx_word' id='word_1_400' title='bbox 1077 3839 1160 3888; x_wconf 86' lang='lat' dir='ltr'>facile</span> <span class='ocrx_word' id='word_1_401' title='bbox 1179 3841 1317 3902; x_wconf 89' lang='lat' dir='ltr'>princeps,</span> <span class='ocrx_word' id='word_1_402' title='bbox 1339 3841 1368 3886; x_wconf 91' lang='lat' dir='ltr'>in</span> <span class='ocrx_word' id='word_1_403' title='bbox 1387 3854 1441 3900; x_wconf 89' lang='lat' dir='ltr'>qua</span> <span class='ocrx_word' id='word_1_404' title='bbox 1455 3839 1548 3902; x_wconf 83' lang='lat' dir='ltr'>arnpla</span> 
     </span>
     <span class='ocr_line' id='line_1_41' title="bbox 194 3909 1547 3978; baseline -0.005 -14"><span class='ocrx_word' id='word_1_405' title='bbox 194 3915 361 3978; x_wconf 86' lang='lat' dir='ltr'>scriptarum</span> <span class='ocrx_word' id='word_1_406' title='bbox 394 3915 427 3962; x_wconf 92' lang='lat' dir='ltr'>de</span> <span class='ocrx_word' id='word_1_407' title='bbox 446 3929 476 3962; x_wconf 89' lang='lat' dir='ltr'>ro</span> <span class='ocrx_word' id='word_1_408' title='bbox 504 3911 702 3961; x_wconf 75' lang='lat' dir='ltr'>nrrutrimoniali</span> <span class='ocrx_word' id='word_1_409' title='bbox 734 3912 868 3960; x_wconf 88' lang='lat' dir='ltr'>recensio:</span> <span class='ocrx_word' id='word_1_410' title='bbox 890 3925 961 3973; x_wconf 89' lang='lat' dir='ltr'>qnae</span> <span class='ocrx_word' id='word_1_411' title='bbox 979 3913 1103 3959; x_wconf 89' lang='lat' dir='ltr'>recensio</span> <span class='ocrx_word' id='word_1_412' title='bbox 1123 3911 1228 3974; x_wconf 87' lang='lat' dir='ltr'>pariter</span> <span class='ocrx_word' id='word_1_413' title='bbox 1246 3911 1339 3972; x_wconf 87' lang='lat' dir='ltr'>ampla</span> <span class='ocrx_word' id='word_1_414' title='bbox 1370 3909 1488 3959; x_wconf 85' lang='lat' dir='ltr'>habetur</span> <span class='ocrx_word' id='word_1_415' title='bbox 1519 3911 1547 3958; x_wconf 92' lang='lat' dir='ltr'>in</span> 
     </span>
     <span class='ocr_line' id='line_1_42' title="bbox 194 3980 1549 4048; baseline -0.004 -12"><span class='ocrx_word' id='word_1_416' title='bbox 194 3987 249 4036; x_wconf 87' lang='lat' dir='ltr'>alio</span> <span class='ocrx_word' id='word_1_417' title='bbox 269 3987 382 4048; x_wconf 71' lang='lat' dir='ltr'>egregia</span> <span class='ocrx_word' id='word_1_418' title='bbox 401 3999 485 4048; x_wconf 90' lang='lat' dir='ltr'>opero</span> <span class='ocrx_word' id='word_1_419' title='bbox 504 3986 591 4033; x_wconf 88' lang='lat' dir='ltr'>nostri</span> <span class='ocrx_word' id='word_1_420' title='bbox 615 3983 749 4046; x_wconf 82' lang='lat' dir='ltr'>Schupfer</span> <span class='ocrx_word' id='word_1_421' title='bbox 768 3985 815 4045; x_wconf 88' lang='lat' dir='ltr'>cit.</span> <span class='ocrx_word' id='word_1_422' title='bbox 837 3997 898 4044; x_wconf 88' lang='lat' dir='ltr'>sup.</span> <span class='ocrx_word' id='word_1_423' title='bbox 920 3982 968 4043; x_wconf 87' lang='lat' dir='ltr'>IX,</span> <span class='ocrx_word' id='word_1_424' title='bbox 991 3995 1022 4031; x_wconf 76' lang='lat' dir='ltr'>n:</span> <span class='ocrx_word' id='word_1_425' title='bbox 1040 3983 1121 4030; x_wconf 65' lang='lat'>2.—</span> <span class='ocrx_word' id='word_1_426' title='bbox 1141 3983 1182 4031; x_wconf 89' lang='lat' dir='ltr'>Id.</span> <span class='ocrx_word' id='word_1_427' title='bbox 1205 3980 1356 4041; x_wconf 88' lang='lat' dir='ltr'>Rossbach,</span> <span class='ocrx_word' id='word_1_428' title='bbox 1372 3981 1446 4032; x_wconf 78' lang='grc'><strong>116111.</strong></span> <span class='ocrx_word' id='word_1_429' title='bbox 1463 3982 1549 4030; x_wconf 86' lang='lat' dir='ltr'>Hach-</span> 
     </span>
     <span class='ocr_line' id='line_1_43' title="bbox 193 4052 1545 4118; baseline -0.006 -11"><span class='ocrx_word' id='word_1_430' title='bbox 193 4057 547 4115; x_wconf 68' lang='lat' dir='ltr'>zetis-nna·diaecesanum,</span> <span class='ocrx_word' id='word_1_431' title='bbox 570 4057 676 4118; x_wconf 85' lang='lat' dir='ltr'>Leipz.,</span> <span class='ocrx_word' id='word_1_432' title='bbox 698 4056 778 4115; x_wconf 87' lang='grc'><strong>1871)</strong></span> <span class='ocrx_word' id='word_1_433' title='bbox 800 4081 831 4090; x_wconf 85' lang='lat'>—-</span> <span class='ocrx_word' id='word_1_434' title='bbox 852 4053 951 4111; x_wconf 81' lang='lat' dir='ltr'>Halde,</span> <span class='ocrx_word' id='word_1_435' title='bbox 973 4054 1023 4101; x_wconf 84' lang='lat' dir='ltr'>Die</span> <span class='ocrx_word' id='word_1_436' title='bbox 1041 4057 1117 4113; x_wconf 75' lang='lat' dir='ltr'>adm,</span> <span class='ocrx_word' id='word_1_437' title='bbox 1138 4053 1202 4114; x_wconf 80' lang='grc'><strong>11116,</strong></span> <span class='ocrx_word' id='word_1_438' title='bbox 1226 4052 1435 4113; x_wconf 71' lang='grc'><strong>1111.,1874-</strong></span> <span class='ocrx_word' id='word_1_439' title='bbox 1458 4053 1545 4112; x_wconf 88' lang='lat' dir='ltr'>Brini,</span> 
     </span>
     <span class='ocr_line' id='line_1_44' title="bbox 194 4123 1547 4188; baseline -0.004 -11"><span class='ocrx_word' id='word_1_440' title='bbox 194 4131 313 4178; x_wconf 75' lang='lat' dir='ltr'>Matrini.</span> <span class='ocrx_word' id='word_1_441' title='bbox 335 4143 348 4176; x_wconf 87' lang='lat' dir='ltr'>a</span> <span class='ocrx_word' id='word_1_442' title='bbox 367 4129 481 4176; x_wconf 75' lang='lat' dir='ltr'>dicorzio</span> <span class='ocrx_word' id='word_1_443' title='bbox 499 4128 543 4175; x_wconf 77' lang='lat' dir='ltr'>rial</span> <span class='ocrx_word' id='word_1_444' title='bbox 562 4128 613 4174; x_wconf 83' lang='lat' dir='ltr'>dir.</span> <span class='ocrx_word' id='word_1_445' title='bbox 632 4142 708 4185; x_wconf 81' lang='lat' dir='ltr'>acm,</span> <span class='ocrx_word' id='word_1_446' title='bbox 731 4126 866 4188; x_wconf 83' lang='lat' dir='ltr'>Bologna,</span> <span class='ocrx_word' id='word_1_447' title='bbox 889 4125 967 4174; x_wconf 90' lang='grc'><strong>1889.</strong></span> <span class='ocrx_word' id='word_1_448' title='bbox 988 4153 1021 4159; x_wconf 90' lang='lat'><em>-</em></span> <span class='ocrx_word' id='word_1_449' title='bbox 1041 4124 1186 4173; x_wconf 81' lang='lat' dir='ltr'>Bernhiift.</span> <span class='ocrx_word' id='word_1_450' title='bbox 1207 4125 1262 4171; x_wconf 79' lang='lat' dir='ltr'>Elia</span> <span class='ocrx_word' id='word_1_451' title='bbox 1280 4139 1306 4173; x_wconf 89' lang='lat' dir='ltr'>n.</span> <span class='ocrx_word' id='word_1_452' title='bbox 1331 4123 1489 4174; x_wconf 80' lang='lat' dir='ltr'>Caarcnbiaai</span> <span class='ocrx_word' id='word_1_453' title='bbox 1518 4125 1547 4172; x_wconf 81' lang='lat' dir='ltr'>in</span> 
     </span>
     <span class='ocr_line' id='line_1_45' title="bbox 193 4195 1546 4260; baseline -0.004 -11"><span class='ocrx_word' id='word_1_454' title='bbox 193 4203 258 4250; x_wconf 77' lang='lat' dir='ltr'>riba.</span> <span class='ocrx_word' id='word_1_455' title='bbox 278 4201 359 4248; x_wconf 77' lang='grc'><strong>1166111</strong></span> <span class='ocrx_word' id='word_1_456' title='bbox 377 4200 417 4258; x_wconf 83' lang='lat' dir='ltr'>(in</span> <span class='ocrx_word' id='word_1_457' title='bbox 436 4199 544 4248; x_wconf 83' lang='lat' dir='ltr'>Zaiiacb.</span> <span class='ocrx_word' id='word_1_458' title='bbox 559 4199 586 4260; x_wconf 84' lang='lat' dir='ltr'>s.</span> <span class='ocrx_word' id='word_1_459' title='bbox 609 4199 744 4258; x_wconf 75' lang='lat' dir='ltr'>aerpicicb.</span> <span class='ocrx_word' id='word_1_460' title='bbox 766 4197 927 4260; x_wconf 78' lang='lat' dir='ltr'>Itcchhcira.)</span> <span class='ocrx_word' id='word_1_461' title='bbox 946 4222 979 4231; x_wconf 89' lang='lat'>-—</span> <span class='ocrx_word' id='word_1_462' title='bbox 999 4195 1149 4257; x_wconf 82' lang='lat' dir='ltr'>Spcciatim</span> <span class='ocrx_word' id='word_1_463' title='bbox 1169 4195 1261 4256; x_wconf 88' lang='lat' dir='ltr'>quoad</span> <span class='ocrx_word' id='word_1_464' title='bbox 1280 4197 1389 4254; x_wconf 82' lang='lat' dir='ltr'>tempus</span> <span class='ocrx_word' id='word_1_465' title='bbox 1409 4195 1546 4257; x_wconf 84' lang='lat' dir='ltr'>Augusti:</span> 
     </span>
     <span class='ocr_line' id='line_1_46' title="bbox 193 4266 1546 4332; baseline -0.004 -12"><span class='ocrx_word' id='word_1_466' title='bbox 193 4271 262 4330; x_wconf 77' lang='lat' dir='ltr'>lars,</span> <span class='ocrx_word' id='word_1_467' title='bbox 286 4272 335 4318; x_wconf 87' lang='lat' dir='ltr'>Dia</span> <span class='ocrx_word' id='word_1_468' title='bbox 353 4271 505 4332; x_wconf 77' lang='lat' dir='ltr'>Ebcpcseiaa</span> <span class='ocrx_word' id='word_1_469' title='bbox 523 4271 549 4317; x_wconf 88' lang='lat' dir='ltr'>d.</span> <span class='ocrx_word' id='word_1_470' title='bbox 570 4270 711 4330; x_wconf 74' lang='lat' dir='ltr'>damiatae,</span> <span class='ocrx_word' id='word_1_471' title='bbox 732 4269 834 4328; x_wconf 58' lang='lat' dir='ltr'>Marbz,</span> <span class='ocrx_word' id='word_1_472' title='bbox 857 4268 925 4316; x_wconf 86' lang='grc'><strong>1894</strong></span> <span class='ocrx_word' id='word_1_473' title='bbox 946 4293 979 4302; x_wconf 92' lang='lat'>-—</span> <span class='ocrx_word' id='word_1_474' title='bbox 999 4266 1040 4317; x_wconf 80' lang='lat' dir='ltr'>af.</span> <span class='ocrx_word' id='word_1_475' title='bbox 1061 4267 1217 4330; x_wconf 76' lang='lat' dir='ltr'>Duchcsne,</span> <span class='ocrx_word' id='word_1_476' title='bbox 1235 4267 1279 4314; x_wconf 90' lang='lat' dir='ltr'>Da</span> <span class='ocrx_word' id='word_1_477' title='bbox 1298 4267 1413 4327; x_wconf 75' lang='lat' dir='ltr'>mariapc</span> <span class='ocrx_word' id='word_1_478' title='bbox 1441 4281 1546 4315; x_wconf 73' lang='lat' dir='ltr'>naaman</span> 
     </span>
     <span class='ocr_line' id='line_1_47' title="bbox 196 4342 1429 4406; baseline -0.005 -15"><span class='ocrx_word' id='word_1_479' title='bbox 196 4342 363 4406; x_wconf 69' lang='lat' dir='ltr'>comparatis,</span> <span class='ocrx_word' id='word_1_480' title='bbox 385 4343 464 4392; x_wconf 83' lang='grc'><strong>1844.</strong></span> <span class='ocrx_word' id='word_1_481' title='bbox 1427 4395 1429 4400; x_wconf 17' lang='grc' dir='ltr'><strong>Υ</strong></span> 
     </span>
    </p>

    <p class='ocr_par' dir='ltr' id='par_1_14' title="bbox 193 4407 1590 4687">
     <span class='ocr_line' id='line_1_48' title="bbox 246 4407 1546 4475; baseline -0.003 -15"><span class='ocrx_word' id='word_1_482' title='bbox 246 4415 283 4475; x_wconf 85' lang='grc'>(4)</span> <span class='ocrx_word' id='word_1_483' title='bbox 303 4413 455 4470; x_wconf 86' lang='lat' dir='ltr'>Winekler,</span> <span class='ocrx_word' id='word_1_484' title='bbox 477 4413 516 4461; x_wconf 84' lang='lat' dir='ltr'>Dc</span> <span class='ocrx_word' id='word_1_485' title='bbox 536 4412 715 4474; x_wconf 84' lang='lat' dir='ltr'>concubinatu,</span> <span class='ocrx_word' id='word_1_486' title='bbox 737 4412 826 4474; x_wconf 83' lang='lat' dir='ltr'>Lips,</span> <span class='ocrx_word' id='word_1_487' title='bbox 847 4412 915 4458; x_wconf 85' lang='grc'><strong>1744</strong></span> <span class='ocrx_word' id='word_1_488' title='bbox 930 4437 960 4445; x_wconf 91' lang='lat'>-</span> <span class='ocrx_word' id='word_1_489' title='bbox 977 4409 1149 4474; x_wconf 72' lang='lat' dir='ltr'>Thalassius,</span> <span class='ocrx_word' id='word_1_490' title='bbox 1170 4410 1209 4457; x_wconf 88' lang='lat' dir='ltr'>De</span> <span class='ocrx_word' id='word_1_491' title='bbox 1229 4409 1371 4471; x_wconf 34' lang='lat' dir='ltr'>carismata,</span> <span class='ocrx_word' id='word_1_492' title='bbox 1385 4407 1461 4466; x_wconf 89' lang='lat' dir='ltr'>Iena,</span> <span class='ocrx_word' id='word_1_493' title='bbox 1478 4408 1546 4457; x_wconf 84' lang='grc'><strong>1749</strong></span> 
     </span>
     <span class='ocr_line' id='line_1_49' title="bbox 194 4478 1590 4545; baseline -0.005 -12"><span class='ocrx_word' id='word_1_494' title='bbox 194 4509 229 4522; x_wconf 90' lang='grc'><strong>-</strong></span> <span class='ocrx_word' id='word_1_495' title='bbox 250 4485 361 4545; x_wconf 84' lang='lat' dir='ltr'>Pilette,</span> <span class='ocrx_word' id='word_1_496' title='bbox 382 4486 432 4532; x_wconf 80' lang='lat' dir='ltr'>Sar</span> <span class='ocrx_word' id='word_1_497' title='bbox 451 4485 474 4532; x_wconf 88' lang='lat' dir='ltr'>la</span> <span class='ocrx_word' id='word_1_498' title='bbox 493 4485 625 4532; x_wconf 84' lang='lat' dir='ltr'>concubia.</span> <span class='ocrx_word' id='word_1_499' title='bbox 647 4484 705 4530; x_wconf 78' lang='lat' dir='ltr'>alica</span> <span class='ocrx_word' id='word_1_500' title='bbox 726 4483 761 4530; x_wconf 85' lang='lat' dir='ltr'>laa</span> <span class='ocrx_word' id='word_1_501' title='bbox 788 4484 873 4543; x_wconf 72' lang='lat' dir='ltr'>Itoni„</span> <span class='ocrx_word' id='word_1_502' title='bbox 896 4481 985 4541; x_wconf 85' lang='lat' dir='ltr'>Paris,</span> <span class='ocrx_word' id='word_1_503' title='bbox 1008 4478 1077 4530; x_wconf 87' lang='grc'><strong>1866</strong></span> <span class='ocrx_word' id='word_1_504' title='bbox 1097 4507 1130 4516; x_wconf 82' lang='grc'><strong>-</strong></span> <span class='ocrx_word' id='word_1_505' title='bbox 1151 4481 1227 4542; x_wconf 87' lang='lat' dir='ltr'>Bert,</span> <span class='ocrx_word' id='word_1_506' title='bbox 1248 4481 1293 4527; x_wconf 89' lang='lat' dir='ltr'>Da</span> <span class='ocrx_word' id='word_1_507' title='bbox 1321 4479 1490 4540; x_wconf 73' lang='lat' dir='ltr'>aarrcnbinapc</span> <span class='ocrx_word' id='word_1_508' title='bbox 1522 4484 1547 4527; x_wconf 86' lang='lat' dir='ltr'>ai</span> <span class='ocrx_word' id='word_1_509' title='bbox 1588 4533 1590 4538; x_wconf 41' lang='lat'>,</span> 
     </span>
     <span class='ocr_line' id='line_1_50' title="bbox 194 4548 1544 4616; baseline -0.004 -12"><span class='ocrx_word' id='word_1_510' title='bbox 194 4557 224 4604; x_wconf 83' lang='lat' dir='ltr'>da</span> <span class='ocrx_word' id='word_1_511' title='bbox 244 4557 270 4604; x_wconf 82' lang='lat' dir='ltr'>lu</span> <span class='ocrx_word' id='word_1_512' title='bbox 289 4557 420 4604; x_wconf 79' lang='lat' dir='ltr'>cairditiaa</span> <span class='ocrx_word' id='word_1_513' title='bbox 439 4557 482 4603; x_wconf 81' lang='lat' dir='ltr'>dea</span> <span class='ocrx_word' id='word_1_514' title='bbox 500 4555 604 4616; x_wconf 69' lang='lat' dir='ltr'>rafanis</span> <span class='ocrx_word' id='word_1_515' title='bbox 622 4556 688 4602; x_wconf 81' lang='lat' dir='ltr'>isarae</span> <span class='ocrx_word' id='word_1_516' title='bbox 707 4555 737 4602; x_wconf 84' lang='lat' dir='ltr'>de</span> <span class='ocrx_word' id='word_1_517' title='bbox 756 4559 819 4602; x_wconf 77' lang='lat' dir='ltr'>calta</span> <span class='ocrx_word' id='word_1_518' title='bbox 839 4555 927 4612; x_wconf 85' lang='lat' dir='ltr'>anian,</span> <span class='ocrx_word' id='word_1_519' title='bbox 949 4551 1038 4612; x_wconf 89' lang='lat' dir='ltr'>Paris,</span> <span class='ocrx_word' id='word_1_520' title='bbox 1062 4548 1129 4600; x_wconf 85' lang='lat'>1888</span> <span class='ocrx_word' id='word_1_521' title='bbox 1151 4579 1183 4587; x_wconf 92' lang='lat'><em>-</em></span> <span class='ocrx_word' id='word_1_522' title='bbox 1198 4550 1342 4613; x_wconf 56' lang='grc'><strong>1161161111,</strong></span> <span class='ocrx_word' id='word_1_523' title='bbox 1364 4552 1442 4598; x_wconf 82' lang='lat' dir='ltr'>Drait</span> <span class='ocrx_word' id='word_1_524' title='bbox 1467 4565 1544 4599; x_wconf 77' lang='lat' dir='ltr'>rana:</span> 
     </span>
     <span class='ocr_line' id='line_1_51' title="bbox 193 4622 1543 4687; baseline -0.004 -13"><span class='ocrx_word' id='word_1_525' title='bbox 193 4628 237 4674; x_wconf 88' lang='lat' dir='ltr'>Da</span> <span class='ocrx_word' id='word_1_526' title='bbox 255 4628 447 4687; x_wconf 81' lang='lat' dir='ltr'>conarabinataa,</span> <span class='ocrx_word' id='word_1_527' title='bbox 468 4627 587 4686; x_wconf 87' lang='lat' dir='ltr'>Rennes,</span> <span class='ocrx_word' id='word_1_528' title='bbox 610 4626 678 4674; x_wconf 84' lang='grc'><strong>1893</strong></span> <span class='ocrx_word' id='word_1_529' title='bbox 700 4651 732 4660; x_wconf 94' lang='grc'>-</span> <span class='ocrx_word' id='word_1_530' title='bbox 751 4626 855 4686; x_wconf 86' lang='lat' dir='ltr'>Meyer,</span> <span class='ocrx_word' id='word_1_531' title='bbox 877 4625 932 4672; x_wconf 85' lang='lat' dir='ltr'>Der</span> <span class='ocrx_word' id='word_1_532' title='bbox 944 4623 1014 4672; x_wconf 76' lang='grc'><strong>111111.</strong></span> <span class='ocrx_word' id='word_1_533' title='bbox 1037 4623 1175 4671; x_wconf 81' lang='lat' dir='ltr'>Caacnbia.</span> <span class='ocrx_word' id='word_1_534' title='bbox 1190 4622 1498 4684; x_wconf 69' lang='lat' dir='ltr'>acchabltccbiapaalica</span> <span class='ocrx_word' id='word_1_535' title='bbox 1517 4637 1543 4668; x_wconf 90' lang='lat' dir='ltr'>n.</span> 
     </span>
    </p>
   </div>
   <div class='ocr_carea' id='block_1_9' title="bbox 193 4695 1118 4761">
    <p class='ocr_par' dir='ltr' id='par_1_15' title="bbox 193 4695 1118 4761">
     <span class='ocr_line' id='line_1_52' title="bbox 193 4695 1118 4761; baseline -0.004 -15"><span class='ocrx_word' id='word_1_536' title='bbox 193 4698 219 4749; x_wconf 82' lang='grc'>11.</span> <span class='ocrx_word' id='word_1_537' title='bbox 243 4697 410 4760; x_wconf 72' lang='lat' dir='ltr'>laraclaistcn,</span> <span class='ocrx_word' id='word_1_538' title='bbox 432 4699 539 4761; x_wconf 87' lang='lat' dir='ltr'>Leipz.,</span> <span class='ocrx_word' id='word_1_539' title='bbox 561 4695 630 4747; x_wconf 87' lang='lat'>1895</span> <span class='ocrx_word' id='word_1_540' title='bbox 650 4724 677 4736; x_wconf 61' lang='grc'>-·</span> <span class='ocrx_word' id='word_1_541' title='bbox 703 4696 744 4746; x_wconf 81' lang='lat' dir='ltr'>cf,</span> <span class='ocrx_word' id='word_1_542' title='bbox 766 4696 901 4744; x_wconf 83' lang='lat' dir='ltr'>Bernhiift</span> <span class='ocrx_word' id='word_1_543' title='bbox 920 4710 964 4757; x_wconf 92' lang='lat' dir='ltr'>op.</span> <span class='ocrx_word' id='word_1_544' title='bbox 986 4696 1035 4745; x_wconf 88' lang='lat' dir='ltr'>cit.</span> <span class='ocrx_word' id='word_1_545' title='bbox 1057 4708 1118 4756; x_wconf 89' lang='lat' dir='ltr'>sup.</span> 
     </span>
    </p>
   </div>
   <div class='ocr_carea' id='block_1_10' title="bbox 0 0 1860 5346">
    <p class='ocr_par' dir='ltr' id='par_1_16' title="bbox 0 0 1860 5346">
     <span class='ocr_line' id='line_1_53' title="bbox 0 0 1860 5346; baseline 0 0"><span class='ocrx_word' id='word_1_546' title='bbox 0 0 1860 5346; x_wconf 95' lang='lat' dir='ltr'> </span> 
     </span>
    </p>
   </div>
  </div>
 </body>
</html>
