<?xml version="1.0" encoding="UTF-8"?>
<!DOCTYPE html PUBLIC "-//W3C//DTD XHTML 1.0 Transitional//EN"
    "http://www.w3.org/TR/xhtml1/DTD/xhtml1-transitional.dtd">
<html xmlns="http://www.w3.org/1999/xhtml" xml:lang="en" lang="en">
 <head>
  <title>
</title>
<meta http-equiv="Content-Type" content="text/html;charset=utf-8" />
  <meta name='ocr-system' content='tesseract 3.04.00' />
  <meta name='ocr-capabilities' content='ocr_page ocr_carea ocr_par ocr_line ocrx_word'/>
</head>
<body>
  <div class='ocr_page' id='page_1' title='image "./iuscivileromanu00gaspgoog_0070.png"; bbox 0 0 3710 5346; ppageno 0'>
   <div class='ocr_carea' id='block_1_1' title="bbox 327 323 1386 373">
    <p class='ocr_par' dir='ltr' id='par_1_1' title="bbox 327 323 1386 373">
     <span class='ocr_line' id='line_1_1' title="bbox 327 323 1386 373; baseline -0.004 0"><span class='ocrx_word' id='word_1_1' title='bbox 327 323 361 373; x_wconf 79' lang='lat'>60</span> <span class='ocrx_word' id='word_1_2' title='bbox 605 335 679 372; x_wconf 74' lang='lat' dir='ltr'>runs</span> <span class='ocrx_word' id='word_1_3' title='bbox 699 335 795 372; x_wconf 74' lang='lat' dir='ltr'>rarus</span> <span class='ocrx_word' id='word_1_4' title='bbox 815 349 848 358; x_wconf 91' lang='lat'>-</span> <span class='ocrx_word' id='word_1_5' title='bbox 868 333 975 371; x_wconf 74' lang='lat' dir='ltr'>rerer.</span> <span class='ocrx_word' id='word_1_6' title='bbox 995 334 1028 370; x_wconf 90' lang='lat'>11.</span> <span class='ocrx_word' id='word_1_7' title='bbox 1049 333 1089 369; x_wconf 84' lang='lat' dir='ltr'>nn</span> <span class='ocrx_word' id='word_1_8' title='bbox 1108 332 1185 370; x_wconf 76' lang='lat' dir='ltr'>nunu</span> <span class='ocrx_word' id='word_1_9' title='bbox 1204 331 1386 370; x_wconf 75' lang='lat' dir='ltr'>uurrrunnn</span> 
     </span>
    </p>
   </div>
   <div class='ocr_carea' id='block_1_2' title="bbox 283 429 1756 1914">
    <p class='ocr_par' dir='ltr' id='par_1_2' title="bbox 283 429 1756 1914">
     <span class='ocr_line' id='line_1_2' title="bbox 398 429 1738 528; baseline -0.003 -18"><span class='ocrx_word' id='word_1_10' title='bbox 398 449 527 510; x_wconf 79' lang='lat' dir='ltr'>ilausae</span> <span class='ocrx_word' id='word_1_11' title='bbox 562 452 660 510; x_wconf 87' lang='lat' dir='ltr'>erant</span> <span class='ocrx_word' id='word_1_12' title='bbox 693 447 855 510; x_wconf 74' lang='lat' dir='ltr'>sterilitas</span> <span class='ocrx_word' id='word_1_13' title='bbox 890 438 1050 528; x_wconf 88' lang='lat' dir='ltr'>mulieris,</span> <span class='ocrx_word' id='word_1_14' title='bbox 1075 447 1311 525; x_wconf 77' lang='lat' dir='ltr'><strong>sacerdotium,</strong></span> <span class='ocrx_word' id='word_1_15' title='bbox 1343 447 1474 528; x_wconf 87' lang='lat' dir='ltr'>militia,</span> <span class='ocrx_word' id='word_1_16' title='bbox 1505 448 1674 526; x_wconf 86' lang='lat' dir='ltr'>senectus,</span> <span class='ocrx_word' id='word_1_17' title='bbox 1736 429 1738 432; x_wconf 45' lang='grc'>’</span> 
     </span>
     <span class='ocr_line' id='line_1_3' title="bbox 331 556 1190 638; baseline -0.001 -22"><span class='ocrx_word' id='word_1_18' title='bbox 331 556 468 617; x_wconf 80' lang='lat' dir='ltr'><strong>morbus</strong></span> <span class='ocrx_word' id='word_1_19' title='bbox 490 558 569 632; x_wconf 84' lang='grc'>(10).</span> <span class='ocrx_word' id='word_1_20' title='bbox 1187 631 1190 638; x_wconf 26' lang='lat'><em>¹</em></span> 
     </span>
     <span class='ocr_line' id='line_1_4' title="bbox 283 647 1721 741; baseline -0.004 -17"><span class='ocrx_word' id='word_1_21' title='bbox 283 647 288 650; x_wconf 26' lang='lat'>³</span> <span class='ocrx_word' id='word_1_22' title='bbox 443 663 474 740; x_wconf 87' lang='lat' dir='ltr'>c)</span> <span class='ocrx_word' id='word_1_23' title='bbox 497 665 706 726; x_wconf 83' lang='lat' dir='ltr'>Unilaterale</span> <span class='ocrx_word' id='word_1_24' title='bbox 731 665 906 738; x_wconf 88' lang='lat' dir='ltr'>culposnm</span> <span class='ocrx_word' id='word_1_25' title='bbox 929 662 1026 741; x_wconf 93' lang='lat' dir='ltr'>illud,</span> <span class='ocrx_word' id='word_1_26' title='bbox 1039 663 1093 723; x_wconf 92' lang='lat' dir='ltr'>cui</span> <span class='ocrx_word' id='word_1_27' title='bbox 1117 662 1242 722; x_wconf 91' lang='lat' dir='ltr'>crimen</span> <span class='ocrx_word' id='word_1_28' title='bbox 1267 661 1367 722; x_wconf 87' lang='lat' dir='ltr'>unius</span> <span class='ocrx_word' id='word_1_29' title='bbox 1400 661 1552 737; x_wconf 84' lang='lat' dir='ltr'>coniugis</span> <span class='ocrx_word' id='word_1_30' title='bbox 1584 676 1673 720; x_wconf 89' lang='lat' dir='ltr'>occa·</span> <span class='ocrx_word' id='word_1_31' title='bbox 1718 681 1721 688; x_wconf 65' lang='lat'><strong><em>¹</em></strong></span> 
     </span>
     <span class='ocr_line' id='line_1_5' title="bbox 332 769 1676 848; baseline -0.005 -18"><span class='ocrx_word' id='word_1_32' title='bbox 332 769 459 830; x_wconf 86' lang='lat' dir='ltr'>sionem</span> <span class='ocrx_word' id='word_1_33' title='bbox 484 770 596 831; x_wconf 88' lang='lat' dir='ltr'>dabat.</span> <span class='ocrx_word' id='word_1_34' title='bbox 621 769 770 830; x_wconf 73' lang='lat' dir='ltr'>Crimina</span> <span class='ocrx_word' id='word_1_35' title='bbox 792 771 875 830; x_wconf 89' lang='lat' dir='ltr'>haec</span> <span class='ocrx_word' id='word_1_36' title='bbox 898 769 993 829; x_wconf 87' lang='lat' dir='ltr'>varia</span> <span class='ocrx_word' id='word_1_37' title='bbox 1016 770 1123 848; x_wconf 89' lang='lat' dir='ltr'>erant,</span> <span class='ocrx_word' id='word_1_38' title='bbox 1150 785 1212 828; x_wconf 87' lang='lat' dir='ltr'>neo</span> <span class='ocrx_word' id='word_1_39' title='bbox 1235 783 1367 844; x_wconf 89' lang='lat' dir='ltr'>semper</span> <span class='ocrx_word' id='word_1_40' title='bbox 1390 769 1530 828; x_wconf 85' lang='lat' dir='ltr'>tirmiter</span> <span class='ocrx_word' id='word_1_41' title='bbox 1546 782 1676 826; x_wconf 87' lang='lat' dir='ltr'>enume-</span> 
     </span>
     <span class='ocr_line' id='line_1_6' title="bbox 332 875 1695 953; baseline -0.002 -17"><span class='ocrx_word' id='word_1_42' title='bbox 332 883 408 936; x_wconf 87' lang='lat' dir='ltr'>rata</span> <span class='ocrx_word' id='word_1_43' title='bbox 423 876 501 953; x_wconf 92' lang='grc'>(11).</span> <span class='ocrx_word' id='word_1_44' title='bbox 519 878 633 937; x_wconf 90' lang='lat' dir='ltr'>Penae</span> <span class='ocrx_word' id='word_1_45' title='bbox 649 877 854 938; x_wconf 71' lang='lat' dir='ltr'>constitutae</span> <span class='ocrx_word' id='word_1_46' title='bbox 871 894 931 952; x_wconf 92' lang='lat' dir='ltr'>pro</span> <span class='ocrx_word' id='word_1_47' title='bbox 947 893 1027 936; x_wconf 87' lang='lat' dir='ltr'>casu</span> <span class='ocrx_word' id='word_1_48' title='bbox 1043 877 1181 937; x_wconf 82' lang='lat' dir='ltr'>divortii</span> <span class='ocrx_word' id='word_1_49' title='bbox 1197 876 1327 952; x_wconf 89' lang='lat' dir='ltr'>culposi</span> <span class='ocrx_word' id='word_1_50' title='bbox 1342 875 1569 952; x_wconf 79' lang='lat' dir='ltr'>respiciebant</span> <span class='ocrx_word' id='word_1_51' title='bbox 1584 889 1695 948; x_wconf 78' lang='lat' dir='ltr'>prae·</span> 
     </span>
     <span class='ocr_line' id='line_1_7' title="bbox 333 980 1680 1058; baseline -0.003 -16"><span class='ocrx_word' id='word_1_52' title='bbox 333 982 447 1042; x_wconf 87' lang='lat' dir='ltr'>sertim</span> <span class='ocrx_word' id='word_1_53' title='bbox 473 982 684 1043; x_wconf 91' lang='lat' dir='ltr'>amissionem</span> <span class='ocrx_word' id='word_1_54' title='bbox 709 984 879 1042; x_wconf 91' lang='lat' dir='ltr'>lucrorum</span> <span class='ocrx_word' id='word_1_55' title='bbox 902 983 1117 1058; x_wconf 75' lang='lat' dir='ltr'>nuptialium,</span> <span class='ocrx_word' id='word_1_56' title='bbox 1141 999 1204 1042; x_wconf 91' lang='lat' dir='ltr'>nec</span> <span class='ocrx_word' id='word_1_57' title='bbox 1227 997 1359 1058; x_wconf 81' lang='lat' dir='ltr'>semper</span> <span class='ocrx_word' id='word_1_58' title='bbox 1375 981 1511 1046; x_wconf 87' lang='lat' dir='ltr'>eaedem</span> <span class='ocrx_word' id='word_1_59' title='bbox 1526 980 1680 1040; x_wconf 72' lang='lat' dir='ltr'>fuerunt.</span> 
     </span>
     <span class='ocr_line' id='line_1_8' title="bbox 334 1085 1756 1168; baseline -0.003 -19"><span class='ocrx_word' id='word_1_60' title='bbox 334 1088 371 1150; x_wconf 81' lang='lat' dir='ltr'>Si</span> <span class='ocrx_word' id='word_1_61' title='bbox 404 1090 569 1166; x_wconf 82' lang='lat' dir='ltr'>agebatur</span> <span class='ocrx_word' id='word_1_62' title='bbox 603 1090 645 1149; x_wconf 91' lang='lat' dir='ltr'>de</span> <span class='ocrx_word' id='word_1_63' title='bbox 680 1091 811 1168; x_wconf 89' lang='lat' dir='ltr'>marito,</span> <span class='ocrx_word' id='word_1_64' title='bbox 835 1090 1033 1168; x_wconf 88' lang='lat' dir='ltr'>antiquitus,</span> <span class='ocrx_word' id='word_1_65' title='bbox 1058 1091 1191 1164; x_wconf 92' lang='lat' dir='ltr'>praeter</span> <span class='ocrx_word' id='word_1_66' title='bbox 1222 1094 1335 1149; x_wconf 89' lang='lat' dir='ltr'>notam</span> <span class='ocrx_word' id='word_1_67' title='bbox 1374 1089 1558 1150; x_wconf 83' lang='lat' dir='ltr'>censoriam</span> <span class='ocrx_word' id='word_1_68' title='bbox 1596 1085 1677 1165; x_wconf 94' lang='grc'>(12),</span> <span class='ocrx_word' id='word_1_69' title='bbox 1753 1158 1756 1162; x_wconf 34' lang='grc'>,</span> 
     </span>
     <span class='ocr_line' id='line_1_9' title="bbox 333 1194 1675 1284; baseline -0.001 -30"><span class='ocrx_word' id='word_1_70' title='bbox 333 1196 620 1257; x_wconf 82' lang='lat' dir='ltr'>abbreviabuntur</span> <span class='ocrx_word' id='word_1_71' title='bbox 632 1197 663 1256; x_wconf 92' lang='lat' dir='ltr'>ei</span> <span class='ocrx_word' id='word_1_72' title='bbox 675 1198 808 1257; x_wconf 85' lang='lat' dir='ltr'>termini</span> <span class='ocrx_word' id='word_1_73' title='bbox 831 1197 1062 1256; x_wconf 86' lang='lat' dir='ltr'>restituendae</span> <span class='ocrx_word' id='word_1_74' title='bbox 1074 1196 1163 1258; x_wconf 88' lang='lat' dir='ltr'>dotis</span> <span class='ocrx_word' id='word_1_75' title='bbox 1176 1196 1255 1274; x_wconf 89' lang='lat'>(13).</span> <span class='ocrx_word' id='word_1_76' title='bbox 1270 1197 1305 1258; x_wconf 82' lang='lat' dir='ltr'>Si</span> <span class='ocrx_word' id='word_1_77' title='bbox 1322 1195 1364 1255; x_wconf 83' lang='lat' dir='ltr'>de</span> <span class='ocrx_word' id='word_1_78' title='bbox 1382 1196 1529 1273; x_wconf 89' lang='lat' dir='ltr'>muliere,</span> <span class='ocrx_word' id='word_1_79' title='bbox 1544 1195 1598 1254; x_wconf 84' lang='lat' dir='ltr'>vir</span> <span class='ocrx_word' id='word_1_80' title='bbox 1621 1194 1675 1284; x_wconf 87' lang='lat' dir='ltr'>ha·</span> 
     </span>
     <span class='ocr_line' id='line_1_10' title="bbox 334 1299 1676 1380; baseline 0 -19"><span class='ocrx_word' id='word_1_81' title='bbox 334 1303 438 1363; x_wconf 89' lang='lat' dir='ltr'>bebat</span> <span class='ocrx_word' id='word_1_82' title='bbox 471 1299 545 1379; x_wconf 70' lang='lat' dir='ltr'>jus*</span> <span class='ocrx_word' id='word_1_83' title='bbox 565 1303 790 1364; x_wconf 88' lang='lat' dir='ltr'>retentionum</span> <span class='ocrx_word' id='word_1_84' title='bbox 816 1320 917 1378; x_wconf 88' lang='lat' dir='ltr'>super</span> <span class='ocrx_word' id='word_1_85' title='bbox 941 1303 1052 1363; x_wconf 88' lang='lat' dir='ltr'>dotem</span> <span class='ocrx_word' id='word_1_86' title='bbox 1086 1303 1192 1378; x_wconf 91' lang='lat' dir='ltr'>ipsius</span> <span class='ocrx_word' id='word_1_87' title='bbox 1226 1302 1303 1380; x_wconf 86' lang='grc'>(14).</span> <span class='ocrx_word' id='word_1_88' title='bbox 1335 1302 1423 1362; x_wconf 91' lang='lat' dir='ltr'>Dein</span> <span class='ocrx_word' id='word_1_89' title='bbox 1458 1303 1676 1377; x_wconf 85' lang='lat' dir='ltr'>imperatores</span> 
     </span>
     <span class='ocr_line' id='line_1_11' title="bbox 335 1409 1678 1489; baseline 0.001 -22"><span class='ocrx_word' id='word_1_90' title='bbox 335 1409 543 1470; x_wconf 73' lang='lat' dir='ltr'>Theodosius</span> <span class='ocrx_word' id='word_1_91' title='bbox 566 1412 601 1470; x_wconf 88' lang='lat' dir='ltr'>et</span> <span class='ocrx_word' id='word_1_92' title='bbox 624 1411 884 1478; x_wconf 81' lang='lat' dir='ltr'>Valentinianus</span> <span class='ocrx_word' id='word_1_93' title='bbox 907 1412 1166 1487; x_wconf 90' lang='lat' dir='ltr'>constituerunt,</span> <span class='ocrx_word' id='word_1_94' title='bbox 1192 1413 1231 1470; x_wconf 91' lang='lat' dir='ltr'>ut</span> <span class='ocrx_word' id='word_1_95' title='bbox 1257 1411 1287 1470; x_wconf 89' lang='lat' dir='ltr'>si</span> <span class='ocrx_word' id='word_1_96' title='bbox 1321 1410 1450 1489; x_wconf 90' lang='lat' dir='ltr'>mulier,</span> <span class='ocrx_word' id='word_1_97' title='bbox 1486 1409 1678 1484; x_wconf 87' lang='lat' dir='ltr'>contempta</span> 
     </span>
     <span class='ocr_line' id='line_1_12' title="bbox 335 1511 1677 1594; baseline -0.001 -19"><span class='ocrx_word' id='word_1_98' title='bbox 335 1517 419 1594; x_wconf 84' lang='lat' dir='ltr'>lege,</span> <span class='ocrx_word' id='word_1_99' title='bbox 444 1511 622 1593; x_wconf 87' lang='lat' dir='ltr'>repudium</span> <span class='ocrx_word' id='word_1_100' title='bbox 645 1519 847 1586; x_wconf 87' lang='lat' dir='ltr'>mittendum</span> <span class='ocrx_word' id='word_1_101' title='bbox 871 1535 945 1578; x_wconf 85' lang='lat' dir='ltr'>esse</span> <span class='ocrx_word' id='word_1_102' title='bbox 968 1518 1165 1594; x_wconf 85' lang='lat' dir='ltr'>tentaverit,</span> <span class='ocrx_word' id='word_1_103' title='bbox 1188 1534 1282 1578; x_wconf 88' lang='lat' dir='ltr'>suam</span> <span class='ocrx_word' id='word_1_104' title='bbox 1306 1515 1419 1577; x_wconf 84' lang='lat' dir='ltr'>deterri</span> <span class='ocrx_word' id='word_1_105' title='bbox 1443 1519 1478 1577; x_wconf 91' lang='lat' dir='ltr'>et</span> <span class='ocrx_word' id='word_1_106' title='bbox 1501 1519 1580 1575; x_wconf 89' lang='lat' dir='ltr'>ante</span> <span class='ocrx_word' id='word_1_107' title='bbox 1596 1531 1677 1589; x_wconf 92' lang='lat' dir='ltr'>nup·</span> 
     </span>
     <span class='ocr_line' id='line_1_13' title="bbox 332 1609 1678 1704; baseline -0.001 -24"><span class='ocrx_word' id='word_1_108' title='bbox 332 1622 399 1684; x_wconf 86' lang='lat' dir='ltr'>tias</span> <span class='ocrx_word' id='word_1_109' title='bbox 422 1624 637 1684; x_wconf 85' lang='lat' dir='ltr'>donationem</span> <span class='ocrx_word' id='word_1_110' title='bbox 661 1626 842 1701; x_wconf 89' lang='lat' dir='ltr'>amitteret,</span> <span class='ocrx_word' id='word_1_111' title='bbox 866 1641 929 1684; x_wconf 91' lang='lat' dir='ltr'>nec</span> <span class='ocrx_word' id='word_1_112' title='bbox 952 1625 1042 1683; x_wconf 90' lang='lat' dir='ltr'>intra</span> <span class='ocrx_word' id='word_1_113' title='bbox 1070 1609 1336 1700; x_wconf 89' lang='lat' dir='ltr'>quinquennium</span> <span class='ocrx_word' id='word_1_114' title='bbox 1360 1623 1510 1684; x_wconf 89' lang='lat' dir='ltr'>nubendi</span> <span class='ocrx_word' id='word_1_115' title='bbox 1536 1622 1678 1704; x_wconf 87' lang='lat' dir='ltr'>haberet</span> 
     </span>
     <span class='ocr_line' id='line_1_14' title="bbox 334 1729 1677 1808; baseline -0.001 -21"><span class='ocrx_word' id='word_1_116' title='bbox 334 1729 445 1789; x_wconf 91' lang='lat' dir='ltr'>denuo</span> <span class='ocrx_word' id='word_1_117' title='bbox 469 1733 690 1808; x_wconf 76' lang='lat' dir='ltr'>potestatem,</span> <span class='ocrx_word' id='word_1_118' title='bbox 708 1731 736 1792; x_wconf 89' lang='lat' dir='ltr'>si</span> <span class='ocrx_word' id='word_1_119' title='bbox 760 1748 841 1792; x_wconf 86' lang='lat' dir='ltr'>vero</span> <span class='ocrx_word' id='word_1_120' title='bbox 864 1731 1006 1791; x_wconf 86' lang='lat' dir='ltr'>maritus</span> <span class='ocrx_word' id='word_1_121' title='bbox 1028 1731 1125 1797; x_wconf 85' lang='lat' dir='ltr'>uxori</span> <span class='ocrx_word' id='word_1_122' title='bbox 1149 1747 1229 1791; x_wconf 90' lang='lat' dir='ltr'>snae</span> <span class='ocrx_word' id='word_1_123' title='bbox 1245 1731 1316 1789; x_wconf 89' lang='lat' dir='ltr'>sine</span> <span class='ocrx_word' id='word_1_124' title='bbox 1327 1731 1540 1806; x_wconf 82' lang='lat' dir='ltr'>justa&#39;causa</span> <span class='ocrx_word' id='word_1_125' title='bbox 1554 1739 1677 1787; x_wconf 90' lang='lat' dir='ltr'>renun-</span> 
     </span>
     <span class='ocr_line' id='line_1_15' title="bbox 332 1833 1671 1914; baseline -0.004 -17"><span class='ocrx_word' id='word_1_126' title='bbox 332 1835 480 1914; x_wconf 82' lang='lat' dir='ltr'>tiaverit,</span> <span class='ocrx_word' id='word_1_127' title='bbox 497 1837 609 1897; x_wconf 88' lang='lat' dir='ltr'>dotem</span> <span class='ocrx_word' id='word_1_128' title='bbox 633 1838 827 1898; x_wconf 86' lang='lat' dir='ltr'>redhiberet</span> <span class='ocrx_word' id='word_1_129' title='bbox 850 1841 885 1897; x_wconf 90' lang='lat' dir='ltr'>et</span> <span class='ocrx_word' id='word_1_130' title='bbox 908 1839 986 1898; x_wconf 89' lang='lat' dir='ltr'>ante</span> <span class='ocrx_word' id='word_1_131' title='bbox 1013 1838 1149 1912; x_wconf 88' lang='lat' dir='ltr'>nuptias</span> <span class='ocrx_word' id='word_1_132' title='bbox 1172 1837 1386 1897; x_wconf 89' lang='lat' dir='ltr'>donationem</span> <span class='ocrx_word' id='word_1_133' title='bbox 1409 1835 1580 1896; x_wconf 86' lang='lat' dir='ltr'>amitteret</span> <span class='ocrx_word' id='word_1_134' title='bbox 1596 1833 1671 1911; x_wconf 84' lang='lat'>(15).</span> 
     </span>
    </p>
   </div>
   <div class='ocr_carea' id='block_1_3' title="bbox 786 2005 1502 2130">
    <p class='ocr_par' dir='ltr' id='par_1_3' title="bbox 786 2005 1502 2130">
     <span class='ocr_line' id='line_1_16' title="bbox 786 2005 1502 2130; baseline 0 -19"><span class='ocrx_word' id='word_1_135' title='bbox 786 2055 810 2124; x_wconf 67' lang='grc' dir='ltr'>ξ.</span> <span class='ocrx_word' id='word_1_136' title='bbox 837 2054 889 2112; x_wconf 84' lang='grc'>41.</span> <span class='ocrx_word' id='word_1_137' title='bbox 914 2052 976 2110; x_wconf 74' lang='lat' dir='ltr'>dus</span> <span class='ocrx_word' id='word_1_138' title='bbox 992 2053 1236 2130; x_wconf 79' lang='lat' dir='ltr'>juntirtioneam.</span> <span class='ocrx_word' id='word_1_139' title='bbox 1489 2005 1502 2040; x_wconf 46' lang='grc' dir='ltr'><strong>ο</strong></span> 
     </span>
    </p>
   </div>
   <div class='ocr_carea' id='block_1_4' title="bbox 331 2253 1718 2665">
    <p class='ocr_par' dir='ltr' id='par_1_4' title="bbox 331 2253 1677 2548">
     <span class='ocr_line' id='line_1_17' title="bbox 338 2253 1677 2340; baseline -0.001 -18"><span class='ocrx_word' id='word_1_140' title='bbox 338 2253 341 2264; x_wconf 84' lang='lat'>&#39;</span> <span class='ocrx_word' id='word_1_141' title='bbox 398 2263 484 2322; x_wconf 93' lang='grc' dir='ltr'>Ι-</span> <span class='ocrx_word' id='word_1_142' title='bbox 519 2262 651 2340; x_wconf 73' lang='lat' dir='ltr'>Bpoctu</span> <span class='ocrx_word' id='word_1_143' title='bbox 684 2268 813 2340; x_wconf 69' lang='lat' dir='ltr'>quamn,</span> <span class='ocrx_word' id='word_1_144' title='bbox 849 2263 1058 2323; x_wconf 89' lang='lat' dir='ltr'>Iustinianus</span> <span class='ocrx_word' id='word_1_145' title='bbox 1093 2264 1265 2323; x_wconf 87' lang='lat' dir='ltr'>materiam</span> <span class='ocrx_word' id='word_1_146' title='bbox 1300 2262 1437 2323; x_wconf 86' lang='lat' dir='ltr'>divortii</span> <span class='ocrx_word' id='word_1_147' title='bbox 1474 2278 1540 2322; x_wconf 91' lang='lat' dir='ltr'>non</span> <span class='ocrx_word' id='word_1_148' title='bbox 1574 2262 1677 2322; x_wconf 89' lang='lat' dir='ltr'>semel</span> 
     </span>
     <span class='ocr_line' id='line_1_18' title="bbox 331 2369 1676 2448; baseline -0.001 -19"><span class='ocrx_word' id='word_1_149' title='bbox 331 2370 563 2448; x_wconf 88' lang='lat' dir='ltr'>pertractavit,</span> <span class='ocrx_word' id='word_1_150' title='bbox 591 2371 627 2430; x_wconf 89' lang='lat' dir='ltr'>et</span> <span class='ocrx_word' id='word_1_151' title='bbox 649 2387 749 2444; x_wconf 90' lang='lat' dir='ltr'>quam</span> <span class='ocrx_word' id='word_1_152' title='bbox 773 2370 915 2430; x_wconf 87' lang='lat' dir='ltr'>maxime</span> <span class='ocrx_word' id='word_1_153' title='bbox 938 2371 1140 2432; x_wconf 75' lang='lat' dir='ltr'>christianae</span> <span class='ocrx_word' id='word_1_154' title='bbox 1163 2369 1335 2446; x_wconf 83' lang='lat' dir='ltr'>religionis</span> <span class='ocrx_word' id='word_1_155' title='bbox 1370 2369 1558 2445; x_wconf 86' lang='lat' dir='ltr'>praeceptis</span> <span class='ocrx_word' id='word_1_156' title='bbox 1583 2385 1676 2428; x_wconf 87' lang='lat' dir='ltr'>acco·</span> 
     </span>
     <span class='ocr_line' id='line_1_19' title="bbox 332 2477 790 2548; baseline 0 -12"><span class='ocrx_word' id='word_1_157' title='bbox 332 2477 468 2537; x_wconf 90' lang='lat' dir='ltr'>modare</span> <span class='ocrx_word' id='word_1_158' title='bbox 492 2477 634 2536; x_wconf 86' lang='lat' dir='ltr'>studuit.</span> <span class='ocrx_word' id='word_1_159' title='bbox 660 2477 790 2548; x_wconf 76' lang='lat' dir='ltr'>Quare:</span> 
     </span>
    </p>

    <p class='ocr_par' dir='ltr' id='par_1_5' title="bbox 442 2581 1718 2665">
     <span class='ocr_line' id='line_1_20' title="bbox 442 2581 1718 2665; baseline -0.002 -21"><span class='ocrx_word' id='word_1_160' title='bbox 442 2583 474 2661; x_wconf 82' lang='lat' dir='ltr'>a)</span> <span class='ocrx_word' id='word_1_161' title='bbox 499 2583 681 2644; x_wconf 88' lang='lat' dir='ltr'>divortium</span> <span class='ocrx_word' id='word_1_162' title='bbox 716 2583 890 2643; x_wconf 88' lang='lat' dir='ltr'>bilaterale</span> <span class='ocrx_word' id='word_1_163' title='bbox 924 2583 1042 2644; x_wconf 90' lang='lat' dir='ltr'>reiecit</span> <span class='ocrx_word' id='word_1_164' title='bbox 1076 2581 1135 2665; x_wconf 87' lang='lat'><strong>(1),</strong></span> <span class='ocrx_word' id='word_1_165' title='bbox 1161 2584 1317 2660; x_wconf 82' lang='lat' dir='ltr'>quamvis</span> <span class='ocrx_word' id='word_1_166' title='bbox 1351 2587 1451 2644; x_wconf 87' lang='lat' dir='ltr'>antea</span> <span class='ocrx_word' id='word_1_167' title='bbox 1468 2585 1538 2660; x_wconf 87' lang='lat' dir='ltr'>jam</span> <span class='ocrx_word' id='word_1_168' title='bbox 1573 2583 1677 2644; x_wconf 89' lang='lat' dir='ltr'>admi·</span> <span class='ocrx_word' id='word_1_169' title='bbox 1711 2625 1718 2636; x_wconf 40' lang='lat'><em>⁶</em></span> 
     </span>
    </p>
   </div>
   <div class='ocr_carea' id='block_1_5' title="bbox 328 2691 1728 3410">
    <p class='ocr_par' dir='ltr' id='par_1_6' title="bbox 330 2691 511 2768">
     <span class='ocr_line' id='line_1_21' title="bbox 330 2691 511 2768; baseline -0.011 -16"><span class='ocrx_word' id='word_1_170' title='bbox 330 2691 431 2752; x_wconf 88' lang='lat' dir='ltr'>sisset</span> <span class='ocrx_word' id='word_1_171' title='bbox 458 2693 511 2768; x_wconf 90' lang='grc'>(2).</span> 
     </span>
    </p>

    <p class='ocr_par' dir='ltr' id='par_1_7' title="bbox 328 2777 1678 3098">
     <span class='ocr_line' id='line_1_22' title="bbox 389 2777 1678 2876; baseline 0.002 -20"><span class='ocrx_word' id='word_1_172' title='bbox 389 2777 391 2786; x_wconf 53' lang='grc'><strong>’</strong></span> <span class='ocrx_word' id='word_1_173' title='bbox 441 2798 474 2872; x_wconf 90' lang='lat' dir='ltr'>b)</span> <span class='ocrx_word' id='word_1_174' title='bbox 498 2798 680 2859; x_wconf 90' lang='lat' dir='ltr'>divortium</span> <span class='ocrx_word' id='word_1_175' title='bbox 705 2799 903 2859; x_wconf 82' lang='lat' dir='ltr'>unilatcrale</span> <span class='ocrx_word' id='word_1_176' title='bbox 927 2799 1008 2858; x_wconf 84' lang='lat' dir='ltr'>bonu</span> <span class='ocrx_word' id='word_1_177' title='bbox 1030 2800 1141 2876; x_wconf 74' lang='lat' dir='ltr'>pratia</span> <span class='ocrx_word' id='word_1_178' title='bbox 1155 2800 1198 2859; x_wconf 90' lang='lat' dir='ltr'>ad</span> <span class='ocrx_word' id='word_1_179' title='bbox 1215 2799 1300 2860; x_wconf 90' lang='lat' dir='ltr'>duos</span> <span class='ocrx_word' id='word_1_180' title='bbox 1316 2816 1414 2860; x_wconf 89' lang='lat' dir='ltr'>casus</span> <span class='ocrx_word' id='word_1_181' title='bbox 1445 2799 1678 2859; x_wconf 84' lang='lat' dir='ltr'>tantummodo</span> 
     </span>
     <span class='ocr_line' id='line_1_23' title="bbox 328 2904 1678 2984; baseline 0.002 -20"><span class='ocrx_word' id='word_1_182' title='bbox 328 2904 496 2982; x_wconf 88' lang='lat' dir='ltr'>limitavit,</span> <span class='ocrx_word' id='word_1_183' title='bbox 521 2921 640 2979; x_wconf 88' lang='lat' dir='ltr'>nempe</span> <span class='ocrx_word' id='word_1_184' title='bbox 665 2905 693 2965; x_wconf 91' lang='lat' dir='ltr'>si</span> <span class='ocrx_word' id='word_1_185' title='bbox 722 2905 774 2964; x_wconf 91' lang='lat' dir='ltr'>vir</span> <span class='ocrx_word' id='word_1_186' title='bbox 797 2907 857 2966; x_wconf 90' lang='lat' dir='ltr'>aut</span> <span class='ocrx_word' id='word_1_187' title='bbox 881 2922 964 2965; x_wconf 84' lang='lat' dir='ltr'>uxor</span> <span class='ocrx_word' id='word_1_188' title='bbox 988 2906 1227 2966; x_wconf 88' lang='lat' dir='ltr'>monasterium</span> <span class='ocrx_word' id='word_1_189' title='bbox 1256 2907 1398 2984; x_wconf 84' lang='lat' dir='ltr'>elegerit</span> <span class='ocrx_word' id='word_1_190' title='bbox 1412 2906 1470 2983; x_wconf 85' lang='lat'><strong>(3),</strong></span> <span class='ocrx_word' id='word_1_191' title='bbox 1495 2907 1550 2966; x_wconf 88' lang='lat' dir='ltr'>vel</span> <span class='ocrx_word' id='word_1_192' title='bbox 1573 2907 1601 2966; x_wconf 91' lang='lat' dir='ltr'>si</span> <span class='ocrx_word' id='word_1_193' title='bbox 1625 2907 1678 2968; x_wconf 88' lang='lat' dir='ltr'>vir</span> 
     </span>
     <span class='ocr_line' id='line_1_24' title="bbox 328 2993 1338 3098; baseline 0.004 -28"><span class='ocrx_word' id='word_1_194' title='bbox 328 3011 560 3086; x_wconf 89' lang='lat' dir='ltr'>impotentiam</span> <span class='ocrx_word' id='word_1_195' title='bbox 584 3029 676 3072; x_wconf 87' lang='lat' dir='ltr'>suam</span> <span class='ocrx_word' id='word_1_196' title='bbox 702 3030 761 3087; x_wconf 90' lang='lat' dir='ltr'>per</span> <span class='ocrx_word' id='word_1_197' title='bbox 784 3013 966 3098; x_wconf 77' lang='lat' dir='ltr'>triennium</span> <span class='ocrx_word' id='word_1_198' title='bbox 992 2993 1258 3074; x_wconf 83' lang='lat' dir='ltr'>manifestaverit</span> <span class='ocrx_word' id='word_1_199' title='bbox 1282 3013 1338 3090; x_wconf 78' lang='grc'>(4).</span> 
     </span>
    </p>

    <p class='ocr_par' dir='ltr' id='par_1_8' title="bbox 330 3118 1728 3410">
     <span class='ocr_line' id='line_1_25' title="bbox 442 3118 1678 3195; baseline 0.003 -19"><span class='ocrx_word' id='word_1_200' title='bbox 442 3120 470 3193; x_wconf 87' lang='lat' dir='ltr'>c)</span> <span class='ocrx_word' id='word_1_201' title='bbox 494 3118 677 3179; x_wconf 90' lang='lat' dir='ltr'>divortium</span> <span class='ocrx_word' id='word_1_202' title='bbox 716 3120 912 3180; x_wconf 90' lang='lat' dir='ltr'>unilatcrale</span> <span class='ocrx_word' id='word_1_203' title='bbox 948 3120 1121 3195; x_wconf 89' lang='lat' dir='ltr'>culposnm</span> <span class='ocrx_word' id='word_1_204' title='bbox 1152 3121 1190 3179; x_wconf 93' lang='lat' dir='ltr'>in</span> <span class='ocrx_word' id='word_1_205' title='bbox 1215 3121 1415 3195; x_wconf 90' lang='lat' dir='ltr'>quibusdam</span> <span class='ocrx_word' id='word_1_206' title='bbox 1451 3119 1678 3194; x_wconf 86' lang='lat' dir='ltr'>peculiaribus</span> 
     </span>
     <span class='ocr_line' id='line_1_26' title="bbox 330 3225 1072 3304; baseline 0.001 -20"><span class='ocrx_word' id='word_1_207' title='bbox 330 3225 440 3284; x_wconf 86' lang='lat' dir='ltr'>causis</span> <span class='ocrx_word' id='word_1_208' title='bbox 464 3225 645 3285; x_wconf 88' lang='lat' dir='ltr'>admissum</span> <span class='ocrx_word' id='word_1_209' title='bbox 671 3226 737 3284; x_wconf 83' lang='lat' dir='ltr'>fnit</span> <span class='ocrx_word' id='word_1_210' title='bbox 760 3244 780 3285; x_wconf 91' lang='lat' dir='ltr'>a</span> <span class='ocrx_word' id='word_1_211' title='bbox 803 3227 992 3286; x_wconf 88' lang='lat' dir='ltr'>Iustiniano</span> <span class='ocrx_word' id='word_1_212' title='bbox 1017 3227 1072 3304; x_wconf 84' lang='grc'>(5).</span> 
     </span>
     <span class='ocr_line' id='line_1_27' title="bbox 397 3332 1728 3410; baseline 0.002 -20"><span class='ocrx_word' id='word_1_213' title='bbox 397 3332 432 3390; x_wconf 91' lang='grc' dir='ltr'>ΙΙ</span> <span class='ocrx_word' id='word_1_214' title='bbox 458 3365 498 3374; x_wconf 93' lang='grc'>-</span> <span class='ocrx_word' id='word_1_215' title='bbox 523 3332 642 3405; x_wconf 75' lang='lat' dir='ltr'>Quoad</span> <span class='ocrx_word' id='word_1_216' title='bbox 665 3349 790 3408; x_wconf 89' lang='lat' dir='ltr'>poenas</span> <span class='ocrx_word' id='word_1_217' title='bbox 813 3334 941 3408; x_wconf 84' lang='lat' dir='ltr'>culposi</span> <span class='ocrx_word' id='word_1_218' title='bbox 965 3333 1103 3394; x_wconf 82' lang='lat' dir='ltr'>divortii</span> <span class='ocrx_word' id='word_1_219' title='bbox 1127 3333 1337 3394; x_wconf 88' lang='lat' dir='ltr'>Iustinianus</span> <span class='ocrx_word' id='word_1_220' title='bbox 1360 3333 1572 3394; x_wconf 88' lang='lat' dir='ltr'>confirmavit</span> <span class='ocrx_word' id='word_1_221' title='bbox 1595 3334 1677 3410; x_wconf 83' lang='lat' dir='ltr'>legi·</span> <span class='ocrx_word' id='word_1_222' title='bbox 1721 3337 1728 3348; x_wconf 64' lang='lat'>‘</span> 
     </span>
    </p>
   </div>
   <div class='ocr_carea' id='block_1_6' title="bbox 330 3437 1678 3571">
    <p class='ocr_par' dir='ltr' id='par_1_9' title="bbox 330 3437 1678 3571">
     <span class='ocr_line' id='line_1_28' title="bbox 330 3437 1678 3571; baseline 0.004 -73"><span class='ocrx_word' id='word_1_223' title='bbox 330 3439 507 3500; x_wconf 83' lang='lat' dir='ltr'>elationem</span> <span class='ocrx_word' id='word_1_224' title='bbox 522 3441 698 3501; x_wconf 79' lang='lat' dir='ltr'>Theodosii</span> <span class='ocrx_word' id='word_1_225' title='bbox 718 3443 753 3501; x_wconf 90' lang='lat' dir='ltr'>et</span> <span class='ocrx_word' id='word_1_226' title='bbox 769 3437 1000 3502; x_wconf 84' lang='lat' dir='ltr'>Valentiniani</span> <span class='ocrx_word' id='word_1_227' title='bbox 1024 3441 1066 3501; x_wconf 90' lang='lat' dir='ltr'>de</span> <span class='ocrx_word' id='word_1_228' title='bbox 1089 3442 1267 3571; x_wconf 69' lang='lat' dir='ltr'>amissione</span> <span class='ocrx_word' id='word_1_229' title='bbox 1291 3441 1380 3502; x_wconf 91' lang='lat' dir='ltr'>dotis</span> <span class='ocrx_word' id='word_1_230' title='bbox 1397 3445 1432 3502; x_wconf 88' lang='lat' dir='ltr'>et</span> <span class='ocrx_word' id='word_1_231' title='bbox 1446 3445 1525 3502; x_wconf 92' lang='lat' dir='ltr'>ante</span> <span class='ocrx_word' id='word_1_232' title='bbox 1541 3442 1678 3516; x_wconf 90' lang='lat' dir='ltr'>nuptias</span> 
     </span>
    </p>
   </div>
   <div class='ocr_carea' id='block_1_7' title="bbox 285 3723 1684 4714">
    <p class='ocr_par' dir='ltr' id='par_1_10' title="bbox 285 3723 1684 4714">
     <span class='ocr_line' id='line_1_29' title="bbox 380 3723 1340 3790; baseline 0.004 -16"><span class='ocrx_word' id='word_1_233' title='bbox 380 3723 437 3790; x_wconf 90' lang='lat'>(10)</span> <span class='ocrx_word' id='word_1_234' title='bbox 455 3725 486 3776; x_wconf 90' lang='lat' dir='ltr'>ll.</span> <span class='ocrx_word' id='word_1_235' title='bbox 507 3724 550 3787; x_wconf 83' lang='grc'>60,</span> <span class='ocrx_word' id='word_1_236' title='bbox 566 3727 589 3790; x_wconf 86' lang='grc'>1;</span> <span class='ocrx_word' id='word_1_237' title='bbox 604 3725 647 3785; x_wconf 88' lang='lat'>61,</span> <span class='ocrx_word' id='word_1_238' title='bbox 669 3725 985 3790; x_wconf 71' lang='lat' dir='ltr'><strong>xxiv,1;l.4,xx1v,</strong></span> <span class='ocrx_word' id='word_1_239' title='bbox 1079 3725 1135 3789; x_wconf 86' lang='lat'>(12)</span> <span class='ocrx_word' id='word_1_240' title='bbox 1154 3726 1224 3776; x_wconf 84' lang='lat' dir='ltr'>Gell.</span> <span class='ocrx_word' id='word_1_241' title='bbox 1245 3739 1275 3789; x_wconf 90' lang='lat' dir='ltr'>x,</span> <span class='ocrx_word' id='word_1_242' title='bbox 1298 3727 1340 3778; x_wconf 84' lang='lat'>23.</span> 
     </span>
     <span class='ocr_line' id='line_1_30' title="bbox 326 3794 1348 3866; baseline 0.002 -20"><span class='ocrx_word' id='word_1_243' title='bbox 326 3798 352 3861; x_wconf 81' lang='lat'>23</span> <span class='ocrx_word' id='word_1_244' title='bbox 373 3797 392 3846; x_wconf 93' lang='lat' dir='ltr'>l.</span> <span class='ocrx_word' id='word_1_245' title='bbox 414 3797 458 3859; x_wconf 88' lang='grc'>22,</span> <span class='ocrx_word' id='word_1_246' title='bbox 481 3794 504 3862; x_wconf 72' lang='lat' dir='ltr'>l,</span> <span class='ocrx_word' id='word_1_247' title='bbox 527 3808 614 3858; x_wconf 81' lang='lat' dir='ltr'><strong>xxw,</strong></span> <span class='ocrx_word' id='word_1_248' title='bbox 636 3798 662 3846; x_wconf 86' lang='lat'>3.</span> <span class='ocrx_word' id='word_1_249' title='bbox 683 3798 886 3859; x_wconf 86' lang='lat' dir='ltr'>Exeipiebatur</span> <span class='ocrx_word' id='word_1_250' title='bbox 905 3812 986 3847; x_wconf 79' lang='lat' dir='ltr'>casus</span> <span class='ocrx_word' id='word_1_251' title='bbox 1077 3795 1134 3866; x_wconf 86' lang='lat'><strong>(13)</strong></span> <span class='ocrx_word' id='word_1_252' title='bbox 1154 3798 1218 3860; x_wconf 86' lang='lat' dir='ltr'>Uip.</span> <span class='ocrx_word' id='word_1_253' title='bbox 1240 3811 1282 3859; x_wconf 85' lang='lat' dir='ltr'>vl,</span> <span class='ocrx_word' id='word_1_254' title='bbox 1304 3798 1348 3849; x_wconf 88' lang='lat'>13.</span> 
     </span>
     <span class='ocr_line' id='line_1_31' title="bbox 326 3868 1683 3933; baseline 0.001 -16"><span class='ocrx_word' id='word_1_255' title='bbox 326 3869 453 3930; x_wconf 84' lang='lat' dir='ltr'>libertae,</span> <span class='ocrx_word' id='word_1_256' title='bbox 468 3881 539 3929; x_wconf 88' lang='lat' dir='ltr'>quac</span> <span class='ocrx_word' id='word_1_257' title='bbox 558 3883 608 3916; x_wconf 90' lang='lat' dir='ltr'>suo</span> <span class='ocrx_word' id='word_1_258' title='bbox 622 3870 741 3931; x_wconf 88' lang='lat' dir='ltr'>patrono</span> <span class='ocrx_word' id='word_1_259' title='bbox 760 3870 912 3933; x_wconf 82' lang='lat' dir='ltr'>nupsisset3</span> <span class='ocrx_word' id='word_1_260' title='bbox 928 3870 989 3932; x_wconf 88' lang='lat' dir='ltr'>ipsa</span> <span class='ocrx_word' id='word_1_261' title='bbox 1079 3868 1138 3932; x_wconf 90' lang='grc'>(14)</span> <span class='ocrx_word' id='word_1_262' title='bbox 1162 3869 1224 3932; x_wconf 90' lang='lat' dir='ltr'>Ulp.</span> <span class='ocrx_word' id='word_1_263' title='bbox 1245 3881 1288 3928; x_wconf 85' lang='lat' dir='ltr'>vr,</span> <span class='ocrx_word' id='word_1_264' title='bbox 1312 3870 1354 3918; x_wconf 86' lang='lat'>12.</span> <span class='ocrx_word' id='word_1_265' title='bbox 1370 3869 1438 3918; x_wconf 82' lang='lat' dir='ltr'>Erat</span> <span class='ocrx_word' id='word_1_266' title='bbox 1457 3869 1542 3918; x_wconf 88' lang='lat' dir='ltr'>etiarn</span> <span class='ocrx_word' id='word_1_267' title='bbox 1562 3870 1636 3918; x_wconf 87' lang='lat' dir='ltr'>actio</span> <span class='ocrx_word' id='word_1_268' title='bbox 1648 3869 1683 3918; x_wconf 90' lang='lat' dir='ltr'>de</span> 
     </span>
     <span class='ocr_line' id='line_1_32' title="bbox 285 3938 1681 4007; baseline 0.003 -19"><span class='ocrx_word' id='word_1_269' title='bbox 285 3941 287 3948; x_wconf 85' lang='lat'>&#39;</span> <span class='ocrx_word' id='word_1_270' title='bbox 325 3953 382 3988; x_wconf 88' lang='lat' dir='ltr'>non</span> <span class='ocrx_word' id='word_1_271' title='bbox 395 3941 508 4002; x_wconf 87' lang='lat' dir='ltr'>poterat</span> <span class='ocrx_word' id='word_1_272' title='bbox 526 3953 617 4001; x_wconf 91' lang='lat' dir='ltr'>neque</span> <span class='ocrx_word' id='word_1_273' title='bbox 635 3941 708 3989; x_wconf 89' lang='lat' dir='ltr'>bona</span> <span class='ocrx_word' id='word_1_274' title='bbox 727 3941 821 4002; x_wconf 87' lang='lat' dir='ltr'>gratia</span> <span class='ocrx_word' id='word_1_275' title='bbox 834 3940 983 4002; x_wconf 79' lang='lat' dir='ltr'>divertere,</span> <span class='ocrx_word' id='word_1_276' title='bbox 1023 3940 1146 3991; x_wconf 90' lang='lat' dir='ltr'>moribus</span> <span class='ocrx_word' id='word_1_277' title='bbox 1157 3940 1229 3990; x_wconf 84' lang='lat' dir='ltr'>(Gai.</span> <span class='ocrx_word' id='word_1_278' title='bbox 1244 3942 1358 4003; x_wconf 82' lang='lat' dir='ltr'><strong>1V,102.</strong></span> <span class='ocrx_word' id='word_1_279' title='bbox 1372 3940 1444 3991; x_wconf 85' lang='lat' dir='ltr'>Ct&#39;.l.</span> <span class='ocrx_word' id='word_1_280' title='bbox 1457 3938 1500 4001; x_wconf 84' lang='lat'><strong>15,</strong></span> <span class='ocrx_word' id='word_1_281' title='bbox 1514 3939 1539 4001; x_wconf 88' lang='lat'><strong>1,</strong></span> <span class='ocrx_word' id='word_1_282' title='bbox 1553 3938 1681 4007; x_wconf 84' lang='lat' dir='ltr'>xx1113).</span> 
     </span>
     <span class='ocr_line' id='line_1_33' title="bbox 325 4008 1477 4074; baseline 0.003 -16"><span class='ocrx_word' id='word_1_283' title='bbox 325 4010 380 4059; x_wconf 91' lang='lat' dir='ltr'>nisi</span> <span class='ocrx_word' id='word_1_284' title='bbox 399 4013 518 4072; x_wconf 83' lang='lat' dir='ltr'>patrono</span> <span class='ocrx_word' id='word_1_285' title='bbox 544 4013 737 4060; x_wconf 88' lang='lat' dir='ltr'>consentiente</span> <span class='ocrx_word' id='word_1_286' title='bbox 757 4011 797 4072; x_wconf 88' lang='lat' dir='ltr'>(ll.</span> <span class='ocrx_word' id='word_1_287' title='bbox 817 4009 860 4074; x_wconf 88' lang='grc'>10;</span> <span class='ocrx_word' id='word_1_288' title='bbox 882 4014 914 4059; x_wconf 95' lang='grc'>11</span> <span class='ocrx_word' id='word_1_289' title='bbox 930 4025 985 4074; x_wconf 90' lang='lat' dir='ltr'>pr.‚</span> <span class='ocrx_word' id='word_1_290' title='bbox 1074 4009 1130 4074; x_wconf 85' lang='lat'>(15)</span> <span class='ocrx_word' id='word_1_291' title='bbox 1150 4011 1169 4059; x_wconf 92' lang='lat' dir='ltr'>l.</span> <span class='ocrx_word' id='word_1_292' title='bbox 1191 4012 1216 4073; x_wconf 88' lang='lat'>8,</span> <span class='ocrx_word' id='word_1_293' title='bbox 1238 4013 1263 4071; x_wconf 85' lang='grc'>4,</span> <span class='ocrx_word' id='word_1_294' title='bbox 1285 4013 1310 4061; x_wconf 82' lang='lat'>5.</span> <span class='ocrx_word' id='word_1_295' title='bbox 1332 4012 1362 4061; x_wconf 83' lang='grc' dir='ltr'>Ο.</span> <span class='ocrx_word' id='word_1_296' title='bbox 1382 4023 1412 4072; x_wconf 83' lang='lat' dir='ltr'><strong>V,</strong></span> <span class='ocrx_word' id='word_1_297' title='bbox 1434 4008 1477 4063; x_wconf 86' lang='grc'>17.</span> 
     </span>
     <span class='ocr_line' id='line_1_34' title="bbox 326 4079 1394 4150; baseline -0.002 -18"><span class='ocrx_word' id='word_1_298' title='bbox 326 4080 352 4144; x_wconf 91' lang='grc'>1,</span> <span class='ocrx_word' id='word_1_299' title='bbox 373 4093 458 4144; x_wconf 81' lang='lat' dir='ltr'><strong>xxiv,</strong></span> <span class='ocrx_word' id='word_1_300' title='bbox 480 4083 505 4144; x_wconf 80' lang='lat'>23</span> <span class='ocrx_word' id='word_1_301' title='bbox 527 4080 546 4133; x_wconf 90' lang='lat' dir='ltr'>l.</span> <span class='ocrx_word' id='word_1_302' title='bbox 561 4097 607 4132; x_wconf 89' lang='lat' dir='ltr'>nn.</span> <span class='ocrx_word' id='word_1_303' title='bbox 622 4084 647 4145; x_wconf 84' lang='lat'><strong>1,</strong></span> <span class='ocrx_word' id='word_1_304' title='bbox 674 4095 808 4148; x_wconf 80' lang='lat' dir='ltr'>xxxviii,</span> <span class='ocrx_word' id='word_1_305' title='bbox 830 4081 884 4148; x_wconf 87' lang='lat'>11).</span> <span class='ocrx_word' id='word_1_306' title='bbox 906 4083 985 4142; x_wconf 78' lang='lat' dir='ltr'>Quod</span> <span class='ocrx_word' id='word_1_307' title='bbox 1074 4080 1113 4150; x_wconf 88' lang='grc'>(1)</span> <span class='ocrx_word' id='word_1_308' title='bbox 1132 4082 1205 4132; x_wconf 87' lang='lat' dir='ltr'>Nov.</span> <span class='ocrx_word' id='word_1_309' title='bbox 1230 4079 1278 4130; x_wconf 81' lang='grc'>134</span> <span class='ocrx_word' id='word_1_310' title='bbox 1298 4082 1329 4134; x_wconf 82' lang='grc'>0,</span> <span class='ocrx_word' id='word_1_311' title='bbox 1351 4084 1394 4131; x_wconf 93' lang='grc'>11.</span> 
     </span>
     <span class='ocr_line' id='line_1_35' title="bbox 326 4147 1684 4220; baseline 0.001 -18"><span class='ocrx_word' id='word_1_312' title='bbox 326 4153 349 4202; x_wconf 87' lang='lat' dir='ltr'>si</span> <span class='ocrx_word' id='word_1_313' title='bbox 368 4152 403 4200; x_wconf 92' lang='lat' dir='ltr'>de</span> <span class='ocrx_word' id='word_1_314' title='bbox 415 4147 534 4214; x_wconf 83' lang='lat' dir='ltr'>patrono</span> <span class='ocrx_word' id='word_1_315' title='bbox 553 4154 717 4216; x_wconf 89' lang='lat' dir='ltr'>simpliciter</span> <span class='ocrx_word' id='word_1_316' title='bbox 730 4154 985 4203; x_wconf 88' lang='lat' dir='ltr'>fideicommissario</span> <span class='ocrx_word' id='word_1_317' title='bbox 1077 4154 1117 4220; x_wconf 89' lang='grc'>(2)</span> <span class='ocrx_word' id='word_1_318' title='bbox 1135 4153 1207 4205; x_wconf 90' lang='lat' dir='ltr'>Nov.</span> <span class='ocrx_word' id='word_1_319' title='bbox 1231 4154 1265 4201; x_wconf 92' lang='grc'>22</span> <span class='ocrx_word' id='word_1_320' title='bbox 1288 4153 1359 4215; x_wconf 80' lang='lat' dir='ltr'><strong>O.4,</strong></span> <span class='ocrx_word' id='word_1_321' title='bbox 1376 4151 1419 4204; x_wconf 87' lang='grc'>18.</span> <span class='ocrx_word' id='word_1_322' title='bbox 1443 4153 1570 4202; x_wconf 84' lang='lat' dir='ltr'>Iustinus</span> <span class='ocrx_word' id='word_1_323' title='bbox 1589 4152 1618 4202; x_wconf 95' lang='lat' dir='ltr'>II</span> <span class='ocrx_word' id='word_1_324' title='bbox 1636 4168 1684 4218; x_wconf 88' lang='lat' dir='ltr'>po·</span> 
     </span>
     <span class='ocr_line' id='line_1_36' title="bbox 325 4221 1527 4292; baseline 0.002 -20"><span class='ocrx_word' id='word_1_325' title='bbox 325 4225 466 4286; x_wconf 79' lang='lat' dir='ltr'>ageretur,</span> <span class='ocrx_word' id='word_1_326' title='bbox 493 4227 605 4286; x_wconf 85' lang='lat' dir='ltr'>poterat</span> <span class='ocrx_word' id='word_1_327' title='bbox 624 4225 763 4274; x_wconf 84' lang='lat' dir='ltr'>divertere</span> <span class='ocrx_word' id='word_1_328' title='bbox 782 4226 811 4274; x_wconf 89' lang='lat' dir='ltr'>et</span> <span class='ocrx_word' id='word_1_329' title='bbox 830 4240 862 4274; x_wconf 91' lang='lat' dir='ltr'>eo</span> <span class='ocrx_word' id='word_1_330' title='bbox 881 4226 986 4274; x_wconf 80' lang='lat' dir='ltr'>disseri·</span> <span class='ocrx_word' id='word_1_331' title='bbox 1024 4227 1084 4274; x_wconf 86' lang='lat' dir='ltr'>stea</span> <span class='ocrx_word' id='word_1_332' title='bbox 1103 4237 1200 4273; x_wconf 86' lang='lat' dir='ltr'>rursus</span> <span class='ocrx_word' id='word_1_333' title='bbox 1219 4225 1333 4273; x_wconf 89' lang='lat' dir='ltr'>admisit</span> <span class='ocrx_word' id='word_1_334' title='bbox 1351 4221 1434 4292; x_wconf 87' lang='lat' dir='ltr'>(Nov.</span> <span class='ocrx_word' id='word_1_335' title='bbox 1456 4221 1527 4290; x_wconf 81' lang='lat'>140).</span> 
     </span>
     <span class='ocr_line' id='line_1_37' title="bbox 328 4291 1657 4362; baseline 0 -18"><span class='ocrx_word' id='word_1_336' title='bbox 328 4296 415 4344; x_wconf 90' lang='lat' dir='ltr'>tiente</span> <span class='ocrx_word' id='word_1_337' title='bbox 435 4296 465 4357; x_wconf 90' lang='grc'>(1.</span> <span class='ocrx_word' id='word_1_338' title='bbox 487 4297 529 4356; x_wconf 80' lang='grc'>50,</span> <span class='ocrx_word' id='word_1_339' title='bbox 549 4309 639 4355; x_wconf 84' lang='lat' dir='ltr'>xxnr,</span> <span class='ocrx_word' id='word_1_340' title='bbox 661 4298 687 4360; x_wconf 83' lang='grc'>2;</span> <span class='ocrx_word' id='word_1_341' title='bbox 709 4297 727 4345; x_wconf 93' lang='lat' dir='ltr'>l.</span> <span class='ocrx_word' id='word_1_342' title='bbox 750 4297 793 4357; x_wconf 88' lang='grc'>10,</span> <span class='ocrx_word' id='word_1_343' title='bbox 815 4308 902 4359; x_wconf 74' lang='lat' dir='ltr'><strong>xxiv,</strong></span> <span class='ocrx_word' id='word_1_344' title='bbox 924 4293 960 4362; x_wconf 90' lang='grc'>2).</span> <span class='ocrx_word' id='word_1_345' title='bbox 1076 4294 1115 4360; x_wconf 85' lang='grc'>(3)</span> <span class='ocrx_word' id='word_1_346' title='bbox 1133 4295 1206 4343; x_wconf 88' lang='lat' dir='ltr'>Nov.</span> <span class='ocrx_word' id='word_1_347' title='bbox 1228 4291 1261 4345; x_wconf 84' lang='grc'>22</span> <span class='ocrx_word' id='word_1_348' title='bbox 1282 4295 1312 4344; x_wconf 81' lang='lat' dir='ltr'>O.</span> <span class='ocrx_word' id='word_1_349' title='bbox 1334 4297 1360 4358; x_wconf 75' lang='grc' dir='ltr'>ὅς</span> <span class='ocrx_word' id='word_1_350' title='bbox 1381 4295 1454 4347; x_wconf 89' lang='lat' dir='ltr'>Nov.</span> <span class='ocrx_word' id='word_1_351' title='bbox 1477 4295 1539 4360; x_wconf 94' lang='grc'>117,</span> <span class='ocrx_word' id='word_1_352' title='bbox 1560 4295 1591 4345; x_wconf 81' lang='grc' dir='ltr'>Ο.</span> <span class='ocrx_word' id='word_1_353' title='bbox 1613 4294 1657 4346; x_wconf 83' lang='grc'>12.</span> 
     </span>
     <span class='ocr_line' id='line_1_38' title="bbox 378 4363 1680 4434; baseline 0.004 -20"><span class='ocrx_word' id='word_1_354' title='bbox 378 4363 435 4432; x_wconf 88' lang='grc'>(11)</span> <span class='ocrx_word' id='word_1_355' title='bbox 455 4367 646 4418; x_wconf 88' lang='lat' dir='ltr'>Recensentur</span> <span class='ocrx_word' id='word_1_356' title='bbox 674 4367 839 4430; x_wconf 89' lang='lat' dir='ltr'>praesertim</span> <span class='ocrx_word' id='word_1_357' title='bbox 860 4369 887 4416; x_wconf 94' lang='lat' dir='ltr'>in</span> <span class='ocrx_word' id='word_1_358' title='bbox 907 4368 937 4416; x_wconf 95' lang='lat' dir='ltr'>ll.</span> <span class='ocrx_word' id='word_1_359' title='bbox 959 4369 985 4430; x_wconf 74' lang='lat'><strong>8,</strong></span> <span class='ocrx_word' id='word_1_360' title='bbox 1078 4367 1117 4432; x_wconf 87' lang='grc'>(4)</span> <span class='ocrx_word' id='word_1_361' title='bbox 1135 4364 1204 4416; x_wconf 91' lang='lat'>1.10</span> <span class='ocrx_word' id='word_1_362' title='bbox 1224 4366 1255 4419; x_wconf 83' lang='lat' dir='ltr'>C.</span> <span class='ocrx_word' id='word_1_363' title='bbox 1277 4379 1307 4428; x_wconf 88' lang='lat' dir='ltr'><strong>v,</strong></span> <span class='ocrx_word' id='word_1_364' title='bbox 1322 4365 1365 4431; x_wconf 87' lang='grc'>17;</span> <span class='ocrx_word' id='word_1_365' title='bbox 1380 4367 1453 4416; x_wconf 80' lang='lat' dir='ltr'>Nor.</span> <span class='ocrx_word' id='word_1_366' title='bbox 1468 4369 1512 4430; x_wconf 88' lang='grc'>22,</span> <span class='ocrx_word' id='word_1_367' title='bbox 1526 4366 1556 4418; x_wconf 81' lang='lat' dir='ltr'>C.</span> <span class='ocrx_word' id='word_1_368' title='bbox 1569 4367 1595 4434; x_wconf 76' lang='lat'>63</span> <span class='ocrx_word' id='word_1_369' title='bbox 1607 4367 1680 4419; x_wconf 86' lang='lat' dir='ltr'>Nov.</span> 
     </span>
     <span class='ocr_line' id='line_1_39' title="bbox 326 4436 1160 4502; baseline 0 -17"><span class='ocrx_word' id='word_1_370' title='bbox 326 4437 370 4499; x_wconf 92' lang='grc'>11,</span> <span class='ocrx_word' id='word_1_371' title='bbox 392 4437 422 4488; x_wconf 83' lang='lat' dir='ltr'>O.</span> <span class='ocrx_word' id='word_1_372' title='bbox 444 4451 474 4498; x_wconf 86' lang='lat' dir='ltr'><strong>V,</strong></span> <span class='ocrx_word' id='word_1_373' title='bbox 497 4436 540 4490; x_wconf 91' lang='grc'>17.</span> <span class='ocrx_word' id='word_1_374' title='bbox 561 4439 720 4489; x_wconf 89' lang='lat' dir='ltr'>Notandum</span> <span class='ocrx_word' id='word_1_375' title='bbox 739 4438 814 4502; x_wconf 90' lang='lat' dir='ltr'>quod</span> <span class='ocrx_word' id='word_1_376' title='bbox 842 4440 873 4493; x_wconf 73' lang='lat' dir='ltr'>si,</span> <span class='ocrx_word' id='word_1_377' title='bbox 893 4440 988 4488; x_wconf 89' lang='lat' dir='ltr'>matri·</span> <span class='ocrx_word' id='word_1_378' title='bbox 1027 4436 1078 4490; x_wconf 91' lang='grc'>117</span> <span class='ocrx_word' id='word_1_379' title='bbox 1098 4439 1117 4486; x_wconf 94' lang='lat' dir='ltr'>l.</span> <span class='ocrx_word' id='word_1_380' title='bbox 1139 4452 1160 4486; x_wconf 92' lang='lat' dir='ltr'>c.</span> 
     </span>
     <span class='ocr_line' id='line_1_40' title="bbox 326 4505 1438 4577; baseline 0.004 -19"><span class='ocrx_word' id='word_1_381' title='bbox 326 4509 449 4558; x_wconf 89' lang='lat' dir='ltr'>monium</span> <span class='ocrx_word' id='word_1_382' title='bbox 462 4509 564 4560; x_wconf 82' lang='lat' dir='ltr'>fuisset</span> <span class='ocrx_word' id='word_1_383' title='bbox 577 4511 722 4573; x_wconf 87' lang='lat' dir='ltr'>culposnm</span> <span class='ocrx_word' id='word_1_384' title='bbox 735 4524 773 4560; x_wconf 80' lang='lat' dir='ltr'>ex</span> <span class='ocrx_word' id='word_1_385' title='bbox 792 4512 913 4572; x_wconf 86' lang='lat' dir='ltr'>utraque</span> <span class='ocrx_word' id='word_1_386' title='bbox 926 4525 989 4574; x_wconf 86' lang='lat' dir='ltr'>pur·</span> <span class='ocrx_word' id='word_1_387' title='bbox 1078 4510 1117 4577; x_wconf 81' lang='grc'>(5)</span> <span class='ocrx_word' id='word_1_388' title='bbox 1135 4509 1207 4558; x_wconf 80' lang='lat' dir='ltr'>Nor.</span> <span class='ocrx_word' id='word_1_389' title='bbox 1230 4508 1290 4572; x_wconf 92' lang='grc'>117,</span> <span class='ocrx_word' id='word_1_390' title='bbox 1312 4505 1343 4561; x_wconf 82' lang='lat' dir='ltr'>O.</span> <span class='ocrx_word' id='word_1_391' title='bbox 1365 4507 1392 4575; x_wconf 79' lang='lat'>83</span> <span class='ocrx_word' id='word_1_392' title='bbox 1413 4510 1438 4562; x_wconf 89' lang='lat'>9.</span> 
     </span>
     <span class='ocr_line' id='line_1_41' title="bbox 325 4580 987 4648; baseline 0.003 -19"><span class='ocrx_word' id='word_1_393' title='bbox 325 4581 363 4639; x_wconf 87' lang='lat' dir='ltr'>te,</span> <span class='ocrx_word' id='word_1_394' title='bbox 394 4580 497 4630; x_wconf 80' lang='lat' dir='ltr'>delicta</span> <span class='ocrx_word' id='word_1_395' title='bbox 524 4585 779 4644; x_wconf 88' lang='lat' dir='ltr'>compensabantur</span> <span class='ocrx_word' id='word_1_396' title='bbox 804 4582 844 4644; x_wconf 91' lang='lat' dir='ltr'>(ll.</span> <span class='ocrx_word' id='word_1_397' title='bbox 873 4583 917 4648; x_wconf 80' lang='lat'>393</span> <span class='ocrx_word' id='word_1_398' title='bbox 943 4583 987 4642; x_wconf 79' lang='lat'><strong>47,</strong></span> 
     </span>
     <span class='ocr_line' id='line_1_42' title="bbox 317 4653 473 4714; baseline 0.026 -14"><span class='ocrx_word' id='word_1_399' title='bbox 317 4663 413 4714; x_wconf 73' lang='lat' dir='ltr'><strong>xxiv,</strong></span> <span class='ocrx_word' id='word_1_400' title='bbox 436 4653 473 4714; x_wconf 88' lang='lat'>3).</span> 
     </span>
    </p>
   </div>
   <div class='ocr_carea' id='block_1_8' title="bbox 0 0 1860 5346">
    <p class='ocr_par' dir='ltr' id='par_1_11' title="bbox 0 0 1860 5346">
     <span class='ocr_line' id='line_1_43' title="bbox 0 0 1860 5346; baseline 0 0"><span class='ocrx_word' id='word_1_401' title='bbox 0 0 1860 5346; x_wconf 95' lang='lat' dir='ltr'> </span> 
     </span>
    </p>
   </div>
  </div>
 </body>
</html>
