3710 5346
583 311 681 350 cetur
699 311 734 352 rr.
754 311 794 368 nn
812 309 999 350 enrncrrnrn
1018 309 1163 350 rueretur
1540 301 1556 350 6

142 501 144 508 y
217 471 220 476 -
275 429 311 488 II
335 429 514 488 -Liberi
545 428 1099 504 denuodistinguebantur311am
1121 425 1180 488 alii
1204 431 1301 489 erent
1331 429 1470 506 iepram,
1497 428 1554 488 alii

204 535 354 600 libertini.
379 535 524 618 Ingenui
547 539 655 614 erant,
672 535 729 610 qui
746 535 844 594 liberi
867 535 1113 613 assentantem
1136 535 1300 615 libertini,
1324 536 1383 610 qui
1406 553 1447 596 ex
1458 536 1554 612 justa

186 642 372 704 servitute
394 641 589 702 manumissi
612 645 710 702 erant
734 635 787 723 (4).
812 641 865 701 De
888 641 1057 702 libertinis
1080 658 1219 720 agemus
1242 641 1331 702 inira
1354 636 1409 724 (5).
1440 641 1553 702 Liberi
1656 695 1657 700 ,

206 763 286 808 vero
310 748 522 823 quandonam
553 750 771 809 nascerentur
789 727 973 822 attendere
996 764 1082 824 opus
1106 751 1187 834 erat
1201 747 1245 808 ad
1270 750 1418 810 matrem.
1442 748 1552 810 Mater

203 854 344 914 liberum
370 855 524 935 pariebat
545 842 823 932 quotiescumque
846 855 978 938 etipsa
1000 853 1109 914 libera
1123 855 1245 916 ferisset
1259 841 1412 930 tempore
1426 854 1516 930 quod
1531 871 1552 914 a
1584 900 1586 904 ι

202 963 424 1039 conceptione
447 963 490 1022 ad
513 964 727 1024 nativitatem
743 961 957 1038 proterritum
974 959 1017 1042 (6)
1033 962 1070 1022 in
1085 962 1149 1023 hoo
1169 963 1297 1023 romani
1316 962 1375 1038 jus
1397 961 1551 1022 naturale

203 1071 374 1145 prosecuti
397 1075 478 1131 sunt
500 1071 617 1132 favore
640 1071 809 1132 libertatis
832 1071 888 1148 (1).
913 1071 958 1132 nt
981 1071 1010 1134 si
1032 1071 1168 1147 qnando
1188 1071 1276 1152 hanc
1292 1072 1548 1148 regularnanto·

201 1183 336 1240 vertere
360 1181 639 1260 pertentaverint,
664 1181 777 1241 stetim
796 1183 914 1242 ¹tamen
938 1180 981 1240 ad
1005 1180 1156 1240 eamdem
1180 1181 1323 1257 regressi
1346 1183 1427 1240 sunt
1449 1179 1503 1256 (8).

694 1396 708 1465 §
732 1396 762 1454 3.
788 1392 934 1453 Seruitus
956 1393 1050 1456 iuris.
1105 1397 1107 1402 ’

193 1585 208 1649 Ϊ
271 1607 356 1666 1-
380 1607 477 1667 Servi
502 1598 598 1666 erant
621 1606 679 1681 qni
702 1607 737 1665 in
756 1608 852 1683 juste
879 1608 1046 1670 servitute
1077 1609 1301 1669 morabantur.
1319 1608 1415 1668 Iusta
1437 1609 1550 1668 antem

199 1701 350 1773 servitus
373 1713 431 1773 illa
454 1717 527 1774 erat
549 1729 649 1788 quarn
672 1714 765 1789 leges
787 1730 943 1784 romanae
965 1715 1208 1790 approbabant.

198 1843 200 1848 ¹
268 1821 305 1880 Il
329 1853 371 1866 --
395 1821 518 1882 Modus
541 1821 752 1898 oripiaariae,
778 1837 846 1896 quo
869 1821 945 1896 quis
968 1837 1088 1882 servus
1110 1822 1223 1901 tiebat,
1247 1825 1320 1886 erat
1350 1822 1547 1898 captivitas:

199 1946 311 1989 aeroas
328 1947 349 1988 a
367 1925 524 1988 servando
541 1928 573 1987 in
590 1929 681 1988 bello
697 1929 753 2005 (1).
770 1928 893 1988 Modus
908 1929 974 1992 iste
989 1929 1170 2004 petebatur
1184 1930 1293 2005 ajnre
1316 1928 1467 2005 gentium
1492 1928 1546 2007 (2).
1595 1989 1599 1994 ,

269 2035 341 2096 Alii
365 2035 454 2096 modi
477 2036 641 2096 extabant
661 2035 814 2112 derivati,
831 2052 917 2110 quos
931 2035 1021 2096 inter
1036 2036 1198 2097 nativitas
1213 2036 1391 2096 eminebat.
1408 2036 1548 2114 Regula,

201 2137 329 2218 pariter
344 2143 436 2219 juris
460 2143 621 2220 gentium,
646 2151 720 2202 erat
742 2142 832 2217 quod
856 2143 967 2218 proles
998 2142 1223 2204 contuitionem
1255 2143 1372 2204 matris
1397 2160 1548 2219 sequere·

199 2251 267 2328 tur,
292 2250 372 2325 quia
395 2219 603 2311 solummodo
626 2251 733 2310 mater
756 2250 992 2311 certitudinem
1017 2250 1178 2325 praebere
1208 2254 1341 2326 poterat
1365 2251 1549 2344 conditioni

199 2357 340 2420 infantis
356 2357 409 2436 (3).
426 2359 587 2434 -Item,
602 2359 632 2418 si
647 2359 724 2433 quis
746 2357 862 2418 censui
885 2368 922 2418 se
945 2358 1170 2418 subtraxisset
1186 2359 1242 2435 (4).
1257 2391 1301 2402 -—
1318 2358 1354 2419 Si
1373 2358 1450 2434 quis
1465 2359 1549 2418 mili·

126 2495 129 2500 1
200 2464 282 2524 tiam
301 2465 506 2526 deseruisset
528 2463 585 2544 (b).
610 2499 653 2510 -
676 2465 746 2524 Fur
769 2464 967 2524 manifestus
983 2466 1041 2540 qni
1057 2465 1277 2526 addicebantur
1292 2465 1334 2545 ei,
1351 2466 1404 2525 cui
1421 2466 1549 2526 turtum
1591 2491 1606 2521 ·.

200 2569 330 2631 fecerat
345 2571 399 2649 (6).
418 2604 462 2616 -
476 2573 522 2650 Ie,
539 2571 598 2647 qui
614 2571 776 2633 solvendo
792 2571 950 2646 imperet
966 2570 1123 2632 creditori
1139 2571 1363 2650 adiudicatus,
1377 2588 1443 2631 non
1458 2572 1548 2632 inve-

199 2679 308 2739 nisset
332 2680 421 2739 intra-
436 2657 587 2755 legitima
601 2681 754 2755 tempora
776 2679 942 2740 vindicem
959 2678 1127 2740 libertatis
1143 2673 1199 2760 (1).
1218 2693 1262 2722 -‘-
1277 2676 1448 2752 Foemina,
1462 2694 1549 2753 qnae
1609 2713 1611 2717 ·

199 2765 317 2844 servili
340 2801 451 2845 amore
474 2785 694 2862 ‹lebacebata
719 2788 836 2845 contra
858 2785 984 2846 domini
1009 2786 1216 2846 voluntatem
1240 2785 1350 2844 alieno
1373 2797 1469 2846 servo
1493 2802 1548 2845 co·

250 2997 289 3058 (l)
310 2996 371 3048 Gai.
393 2997 415 3046 Ι.
435 2997 478 3058 10,
500 2999 544 3060 113
565 2997 658 3056 Desit.
679 2999 706 3060 4,
726 3011 768 3060 pr.
785 2997 803 3045 i.
827 2997 850 3061 1,·
890 2999 961 3059 eret,
975 2996 1129 3046 foeminina
1147 2997 1241 3046 antem
1255 3011 1348 3046 serve.
1361 2997 1552 3059 Vespasianus

191 3068 222 3128 3;
243 3083 298 3130 pu,
320 3067 394 3130 1,'1,
411 3070 438 3131 4;
459 3083 501 3131 pr.
520 3069 543 3130 Ι,
565 3069 580 3117 5
603 3069 644 3122 ib.
891 3068 927 3116 ad
946 3066 1073 3136 regulam
1093 3081 1240 3130 regressus
1259 3071 1304 3116 est
1322 3093 1357 3104 -
1377 3065 1406 3132 b)
1425 3069 1448 3115 ei
1461 3067 1551 3118 libera

248 3138 289 3202 (5)
306 3139 340 3191 V.
362 3140 470 3203 pau-6.
890 3139 1103 3190 contubernium
1122 3137 1233 3189 iniisset
1251 3151 1313 3188 eum
1345 3153 1437 3199 servo,
1458 3138 1551 3201 proles

250 3210 289 3272 (6)
310 3210 370 3261 Gai.
388 3211 412 3272 Ι,
433 3211 477 3274 82,
499 3210 580 3261 Paul.
594 3211 633 3273 ΙΙ,
655 3213 699 3272 24,
716 3213 771 3272 1-3;
787 3210 851 3275 Ulp.
889 3213 1002 3274 poterat
1021 3210 1098 3260 nasci
1118 3225 1210 3272 serve,
1232 3211 1255 3259 si
1281 3210 1339 3259 tale
1367 3212 1480 3272 pactum
1512 3209 1551 3258 fe-

194 3277 231 3332 V.
252 3283 297 3347 103
319 3297 360 3344 pr.
379 3282 396 3331 i.
416 3281 452 3342 1.,
474 3283 538 3344 431.
560 3285 585 3344 5,
608 3284 634 3343 2,
656 3283 681 3342 3,
703 3283 726 3345 Ι,
748 3284 775 3334 6.
890 3284 976 3332 risset
994 3295 1057 3330 curn
1076 3281 1197 3334 dominc.
1219 3281 1380 3330 Hadrianus
1393 3282 1499 3344 pariter
1515 3281 1551 3330 ad

247 3349 288 3418 (1)
306 3352 366 3403 Gai.
386 3354 410 3415 I,
431 3351 476 3417 833
497 3354 577 3404 Paul.
599 3354 637 3416 ΙΙ,
659 3355 702 3415 24,
724 3355 750 3403 2.
889 3354 1017 3417 regulam
1035 3367 1181 3417 regressus
1199 3356 1244 3402 est
1262 3355 1335 3414 -·e)
1347 3353 1371 3401 si
1384 3352 1472 3401 libera
1485 3366 1549 3401 oon·
1594 3359 1595 3364 ’

249 3420 371 3485 (8)(1111.
392 3425 416 3488 I,
437 3421 480 3486 84,
506 3425 550 3476 85.
797 3470 799 3474 .
892 3431 937 3474 tra
956 3423 1061 3474 domini
1085 3425 1262 3476 voluntatem
1291 3438 1376 3475 servo.
1400 3421 1492 3472 alieno
1520 3437 1550 3472 se

248 3491 288 3560 (1)
307 3510 367 3559 par.
387 3497 402 3545 3
421 3497 438 3548 i.
457 3495 483 3556 Ι,
503 3496 568 3560 3;,1.
589 3499 616 3562 4,
637 3497 664 3560 2,
678 3496 702 3556 I,
717 3497 773 3558 5;1.
787 3497 848 3558 239,
888 3497 1090 3556 coniunxisset,
1113 3499 1185 3559 post
1221 3496 1333 3546 tertiam
1361 3494 1549 3546 denuntiatio·

194 3563 230 3629 L,
252 3563 296 3618 16.
321 3567 364 3617 Of.
385 3567 442 3619 Cic.
463 3569 495 3622 do
512 3570 557 3631 off.
578 3569 600 3628 l,
623 3566 665 3622 11.
694 3565 738 3633 24,
767 3569 847 3630 Virg.
886 3581 949 3616 nem
976 3569 1120 3632 tamquam
1152 3581 1235 3616 serva
1263 3566 1316 3629 ipsi
1336 3565 1447 3615 domino
1472 3563 1550 3614 adiu·
1634 3566 1636 3571 ’

193 3640 274 3703 Aea,
289 3647 319 3700 x,
334 3639 394 3689 525.
407 3639 460 3688 Est
471 3639 551 3701 origo
569 3639 733 3702 simpliciter
745 3641 865 3702 etymo·'
887 3640 1036 3688 dicebatur
1066 3638 1158 3704 (Paul.
1188 3638 1226 3700 II,
1248 3634 1322 3705 21.·).
1341 3637 1437 3687 Proles
1456 3639 1551 3686 tumen

194 3709 296 3773 logica.
503 3757 505 3760 ,
891 3723 974 3760 serve
1005 3711 1182 3774 nascebatur,
1210 3709 1321 3760 etiamsi
1352 3711 1420 3757 neta
1449 3707 1550 3756 fuisset

222 3797 229 3806 ··
247 3777 287 3846 (2)
310 3780 429 3832 Proinde
466 3781 573 3830 romani
602 3782 798 3844 captivitatem
827 3784 855 3830 et
892 3785 958 3832 ante
977 3781 1221 3830 adiudicationem.
1252 3780 1427 3830 lastinianus
1458 3778 1550 3827 ebole-

193 3853 360 3900 servitutem
380 3852 568 3902 admittebant
580 3853 654 3902 cirea
667 3867 743 3916 snos,
757 3854 805 3916 qni
824 3853 852 3900 in
890 3854 935 3902 vit
953 3855 982 3902 et
1000 3853 1071 3902 hano
1099 3852 1300 3915 exceptionem:
1328 3865 1389 3914 per.
1408 3848 1433 3911 1,
1455 3851 1473 3898 i.
1494 3849 1547 3912 III,

194 3922 270 3972 bello
288 3923 364 3985 capti
375 3926 482 3986 essent.
491 3923 551 3972 lmo
561 3923 703 3974 sufficiens
713 3929 774 3974 erat
784 3924 858 3986 quod
896 3923 939 3976 12.

195 3995 260 4055 quis
279 3997 379 4057 captus
398 3998 508 4044 essstn
528 3995 631 4058 populo
655 4010 718 4048 cum
732 4009 855 4058 quonon
879 4013 880 4016 ¹
947 3993 987 4062 (4)
1005 3995 1057 4046 Gai
1085 3994 1109 4057 Ι,
1132 3991 1550 4058 160;Ulp.x1,111;oto.pro

194 4065 296 4114 fuisset
308 4065 412 4114 bellum
424 4066 584 4128 actualiter,
605 4067 654 4116 sed
667 4082 729 4116 cum
740 4081 795 4129 qno
808 4081 854 4116 ne·
895 4064 971 4118 Ooee.
993 4067 1037 4116 34.

190 4150 251 4197 qne
263 4135 362 4188 foedus
380 4151 471 4199 neque
491 4138 625 4188 amicitia:
639 4137 659 4186 l.
675 4139 701 4200 5,
717 4140 744 4200 2,
767 4150 852 4198 ΧΙᾸΧ,
944 4135 983 4204 (5)
1002 4137 1060 4187 Cic.
1081 4137 1099 4186 l.
1119 4152 1143 4186 c.

17 4257 23 4264 ,
106 4243 110 4249 .
196 4209 241 4258 15.
253 4207 362 4256 Bellum
375 4222 443 4256 vero
456 4223 512 4260 non
525 4209 738 4274 intelligebatur
750 4209 853 4262 bellum
940 4209 980 4276 (6)
1001 4209 1072 4259 Gell.
1094 4221 1136 4268 xr,
1159 4208 1202 4272 18,
1222 4207 1248 4270 8;
1269 4217 1322 4267 xit,
1341 4207 1365 4266 1,
1382 4205 1408 4274 7,
1423 4173 1575 4266 Servius,¹

114 4338 117 4342 Ι
188 4277 289 4341 civile,
304 4279 350 4327 vel
363 4293 424 4328 cnm
445 4280 643 4343 praedonibus:
663 4281 693 4328 ll.
708 4281 852 4346 raa-21,
891 4275 1419 4345 Arnen.v111‚2os;Plaut.Poaa.,
1447 4289 1547 4337 1v,11.

194 4349 221 4415 13
245 4349 290 4410 24,
311 4361 397 4417 xum,
419 4351 443 4399 5.
683 4406 686 4412 ,
893 4353 936 4403 11.
957 4351 1044 4401 Gaius
1063 4353 1156 4400 tamen
1169 4349 1463 4411 memoretqnumdam
1476 4350 1550 4398 inter

247 4417 287 4487 (3)
304 4420 353 4470 Ius
372 4421 457 4472 civile
474 4419 504 4471 in
517 4421 607 4486 praxi
630 4423 754 4472 mutavit
781 4422 852 4472 hene
889 4426 1000 4472 veteres
1019 4423 1249 4482 controversiam,
1271 4432 1318 4483 111,
1340 4419 1400 4482 189.
1607 4419 1609 4422 ’

99 4477 101 4482 ’
194 4492 437 4554 regulemsicnti
456 4492 538 4543 docet
549 4493 611 4544 Gai.
627 4493 650 4556 Ι,
666 4495 769 4556 84seq.
784 4495 854 4544 Num
944 4491 983 4561 (7)
1003 4493 1075 4546 Gell.
1095 4505 1149 4554 xx,
1172 4495 1197 4555 1,
1218 4492 1252 4542 48
1281 4495 1310 4541 et
1335 4505 1402 4554 seq.;
1430 4491 1548 4551 Quintil.

192 4561 266 4627 3)ἐί
286 4563 349 4626 quis
368 4577 477 4627 servae,
498 4565 850 4628 quemliberemputabat,
890 4564 1265 4627 prasternebant,
1297 4563 1369 4612 auor.
1402 4563 1500 4628 Gunela,
1519 4576 1551 4628 11,

190 4647 225 4683 se
253 4636 455 4698 coniunxisset,
476 4636 569 4700 proles
595 4635 750 4686 masculina
768 4637 856 4706 libera
892 4637 984 4690 670-2.
