3710 5346
284 361 287 368 ’
311 351 359 400 58,
438 353 440 356 ’
586 361 661 399 rans
680 359 776 398 rarum
796 376 829 384 —
849 359 954 400 aanor.
976 348 1167 396 1r.·nuaimu
1187 331 1369 396 normanum

387 471 391 477 ’
426 477 457 552 a)
481 479 516 539 si
541 478 686 538 divortio
710 479 856 537 solutum
881 477 971 536 esset
996 476 1251 554 matrimonium,
1269 478 1303 535 et
1319 489 1405 535 uxor
1418 477 1658 551 praegnantem
1696 453 1735 483 *⁸

315 603 351 647 se
374 587 588 657 declarasset,
613 585 759 650 debebat
781 584 943 658 imprimis
967 584 1106 642 maritus
1130 583 1328 642 commoneri
1354 584 1441 659 (18),
1464 585 1499 642 et
1522 583 1657 643 alimen·

226 689 228 694 ’
314 695 351 752 ta
371 693 584 752 debebantur
608 690 704 750 matri
728 691 830 750 etiam
869 707 928 764 pro
967 690 1034 749 filio
1070 690 1150 767 (19).
1177 689 1318 750 Maritus
1343 691 1451 748 tamen
1473 690 1532 764 jus
1556 689 1657 778 lrabe-
1739 723 1741 732 ι

313 799 374 860 bat
396 816 457 874 pro
480 800 528 858 rei
551 799 695 860 veritate
729 796 941 873 agnoscenda
972 797 1128 855 custodes
1152 797 1263 856 ventri
1287 795 1453 873 mittendi,
1478 811 1562 872 quos
1583 813 1656 878 ⁴mu·

314 907 376 966 lier
399 906 547 980 recipere
570 905 758 984 tenebatur.
784 905 820 964 Si
859 905 978 962 mulier
1011 921 1076 968 nou
1102 903 1348 981 (lerurnciasset,
1373 889 1617 963 velcustodes'
1637 920 1658 961 a
1738 913 1741 920 ’

276 1063 278 1070 ,
314 1014 433 1072 marito
457 1013 574 1072 missos
597 1028 664 1071 non
688 1009 880 1087 recepisset,
905 1011 968 1069 iste
1007 997 1244 1084 paternitatem
1264 1012 1341 1086 jure
1365 1011 1539 1069 reiiciebat
1563 1008 1654 1088 (20);

315 1119 595 1193 quemadmodum
612 1134 630 1176 e
648 1117 824 1195 contrario,
841 1117 1100 1178 denunciatione
1122 1116 1223 1197 facta,
1249 1103 1432 1184 maritussi
1449 1113 1656 1192 protestatus
1677 1189 1682 1199 Ι

279 1283 281 1288 ,
314 1227 405 1286 haud
428 1230 519 1286 esset
541 1223 597 1286 vel
621 1225 778 1284 custodes
801 1242 869 1284 non
907 1225 1332 1306 misisset,paternitatem
1356 1242 1423 1282 non
1447 1227 1580 1298 poterat
1602 1223 1657 1282 de-

306 1309 437 1408 negare
462 1333 540 1410 (21),
642 1353 645 1359 ’
1478 1319 1483 1325 ’
1572 1334 1574 1343 ⁴

355 1441 470 1500 'Fieri
488 1443 621 1516 poterat
637 1441 727 1515 quod
751 1456 816 1500 non
840 1451 908 1500 tam
934 1441 1057 1520 uxoris,
1078 1457 1180 1516 ¹quam
1206 1441 1318 1516 potius
1338 1440 1452 1499 'mariti
1475 1440 1657 1512 interesset
1693 1433 1694 1437 ’

308 1546 496 1634 defendere
519 1551 650 1622 partum
675 1563 718 1605 ne
742 1547 1016 1624 supprimeretur,
1035 1548 1061 1606 si
1080 1541 1198 1606 mulier
1222 1563 1409 1622 praegnans
1434 1545 1654 1620 apparuisset.
1706 1538 1723 1601 f

229 1684 232 1690 ·
314 1653 408 1712 Tunc
432 1654 573 1713 maritus
591 1651 651 1730 jus
674 1655 822 1714 habebat
845 1655 1086 1727 inspectionem
1123 1655 1326 1730 provocandi
1362 1655 1450 1713 eirca
1473 1649 1657 1731 muli'erem;

211 1830 213 1834 .
313 1777 398 1835 quae
423 1761 451 1820 si
475 1753 662 1836 praegnans
686 1761 913 1822 verisimiliter
950 1760 1090 1820 inventa
1113 1761 1243 1836 fuisset,
1268 1761 1379 1820 ventri
1404 1760 1561 1819 custodes
1586 1758 1655 1816 mit·
1699 1761 1711 1808 .’

313 1868 474 1927 tebantur
497 1868 603 1927 donee
627 1868 681 1926 vel
713 1870 847 1942 pareret
869 1869 924 1927 vel
948 1869 1149 1928 contrarium
1174 1871 1266 1928 certo
1289 1869 1466 1944 appareret
1489 1867 1566 1942 (22).

425 1975 459 2051 b)
484 1973 520 2034 Si
544 1977 651 2035 morte
674 1955 819 2062 solutum
844 1952 934 2034 esset
958 1975 1214 2054 matrimonium,
1231 1977 1267 2033 et
1289 1976 1409 2034 mulier
1425 1991 1460 2034 se
1476 1991 1656 2050 praegnan-

270 2149 273 2156 ,
313 2085 380 2140 tem
406 2080 619 2157 declarasset,
637 2081 806 2141 debebant
829 2082 1030 2140 commoneri
1053 2083 1102 2140 illi
1126 2098 1250 2160 omnes,
1268 2099 1408 2156 quorum
1425 2081 1656 2158 intererat,‘ad

313 2190 376 2248 hoc
400 2192 439 2263 ut
462 2189 627 2264 inspectio
650 2190 747 2248 fieret
770 2185 834 2270 (23)
860 2193 895 2248 et
919 2189 1039 2248 exinde
1064 2191 1223 2247 bonorum
1250 2189 1489 2263 possessionem
1527 2179 1683 2248 ventris

273 2361 275 2366 ,
313 2297 455 2356 nomine·
472 2297 613 2356 Praetor
637 2296 836 2365 concederet
847 2296 926 2373 (24),
941 2313 1002 2356 nec
1017 2314 1082 2362 non
1100 2297 1253 2372 aliajura
1268 2313 1386 2384 nempe
1402 2296 1561 2356 alimenta
1576 2294 1656 2372 (25).

313 2403 407 2462 Tune
431 2407 565 2463 curator
589 2403 717 2462 ventris
741 2404 976 2484 assignabatur
999 2403 1073 2478 (26).

858 2633 1027 2694 v(aaaron
1055 2634 1096 2692 v.
1260 2617 1263 2624 ’

685 2831 734 2881 DE
759 2829 1032 2876 DISSOLU'HONE
1058 2828 1285 2878 MATRIMONII

827 3017 851 3086 ξ,
876 3016 928 3073 40.
956 3013 1151 3073 Dinaretum.

378 3227 396 3286 I
421 3259 461 3270 -
486 3227 583 3286 Licet
608 3227 734 3286 romani
761 3227 843 3286 iuris
872 3227 1071 3302 principium
1096 3227 1142 3285 sit
1164 3227 1411 3288 matrimonium
1429 3205 1531 3286 ¹semel
1546 3226 1656 3302 legiti-

309 3327 364 3392 me
393 3336 601 3393 contractum
640 3333 874 3394 indissolubile
908 3351 968 3409 per
999 3351 1035 3394 se
1060 3351 1136 3394 esse
1171 3337 1290 3409 utpote
1321 3335 1411 3409 quod
1450 3338 1523 3394 erat
1550 3327 1699 3394 omnis.

312 3427 405 3503 vitae
429 3424 645 3518 consortium,
669 3446 779 3500 tamen
820 3458 885 3501 non
913 3459 981 3500 una
1008 3441 1156 3501 eiusdem
1182 3441 1337 3516 principii
1375 3442 1468 3528 apud
1503 3417 1657 3512 romanos

313 3548 409 3606 extat
433 3547 596 3633 exceptio
622 3547 871 3607 Matrimonium
896 3551 1031 3622 praeter
1055 3551 1194 3608 mortem
1219 3547 1326 3606 —de
1350 3565 1417 3623 qua
1438 3537 1497 3607 ¹uix
1530 3548 1653 3608 mentio

249 3730 252 3736 1
311 3653 385 3713 fieri
408 3653 511 3714 debet
536 3687 575 3695 —
601 3653 851 3714 dissolvebatur
874 3653 975 3712 etiam
999 3654 1145 3714 divortio
1169 3656 1204 3713 et
1226 3654 1403 3714 amissione
1427 3654 1585 3713 eorrnubii
1601 3649 1654 3733 (1).

310 3766 311 3769 ’
379 3760 497 3833 Quoad
528 3760 711 3819 divortium
740 3777 805 3819 non
830 3764 987 3820 constans
1010 3761 1075 3820 fuit
1098 3761 1274 3837 legislatio.
1299 3761 1369 3820 Nos
1393 3770 1571 3837 possumus
1609 3761 1656 3820 di·

208 3896 210 3905 ·
304 3867 485 3944 ,stinguere
524 3872 668 3940 quatuor
706 3869 858 3941 tempora
892 3867 1099 3941 principalia:
1126 3871 1154 3928 1.
1180 3868 1352 3942 usquead
1383 3867 1579 3927 divortium*
1600 3865 1654 3943 Sp.

360 4113 405 4174 (18
435 4113 517 4164 Paul.
538 4126 571 4176 11,
594 4115 636 4175 24,
659 4114 686 4178 5;
706 4113 736 4162 ll.
767 4100 781 4161 1
813 4113 866 4172 1-3,
886 4111 912 4178 5,
933 4115 959 4180 93
998 4115 1042 4163 ter
1069 4116 1218 4178 appareret
1246 4113 1319 4176 quod
1348 4127 1507 4178 praegnans
1525 4130 1581 4163 non
1600 4115 1663 4163 erat

307 4185 333 4250 3,
354 4186 379 4245 1,
400 4197 474 4245 xxv,
496 4185 522 4234 3.
1002 4182 1032 4252 (l.
1053 4186 1126 4251 1,1o;
1148 4185 1234 4236 cf.'ll.
1257 4188 1281 4244 1,
1308 4185 1351 4246 153
1372 4187 1438 4246 2,1,
1460 4197 1535 4247 xxv,
1556 4183 1582 4235 4.

359 4254 415 4320 (9)
434 4256 476 4305 Cf.
499 4257 516 4307 l.
537 4258 562 4315 1,
585 4256 618 4305 13
638 4270 697 4318 seq.
718 4258 756 4306 ib.
1053 4253 1110 4321 (25)
1128 4256 1158 4304 ll.
1180 4258 1206 4316 1,
1228 4257 1271 4321 19,
1293 4257 1337 4320 20;
1358 4257 1383 4316 4;
1403 4258 1429 4317 5,
1447 4258 1611 4306 xxxv11.9.

358 4323 417 4462 (ἳ)
435 4328 515 4378 Paul.
537 4340 570 4388 11,
592 4326 636 4388 24,
658 4325 897 4392 631.1‚o,13-15,
922 4329 960 4378 ib.
1054 4325 1111 4393 (26)
1131 4327 1150 4376 l.
1171 4328 1196 4388 1,
1219 4328 1261 4389 17,
1285 4327 1327 4387 18,
1350 4328 1393 4388 23,
1424 4327 1467 4388 24,
1502 4328 1536 4376 26
1566 4329 1603 4379 ib.
1625 4353 1658 4364 -·

359 4470 415 4531 (2)

360 4399 387 4459 (2
436 4399 466 4447 ll.
487 4396 578 4461 1,.15‚
601 4399 644 4459 16;
665 4400 692 4461 2)
714 4399 729 4448 3
749 4413 790 4461 pr.
813 4399 851 4447 ib.
1000 4399 1084 4448 Edito
1103 4398 1212 4447 infante
1231 4400 1360 4448 cessabat
1373 4400 1508 4448 bonorum
1521 4399 1660 4461 possessio

436 4471 515 4525 Paul.
534 4483 568 4531 11,
599 4467 641 4529 24,
663 4470 690 4533 7;
711 4471 728 4521 l.
749 4472 763 4518 1
786 4461 841 4534 pr,
863 4471 878 4518 5
900 4483 957 4531 seq.
1000 4471 1107 4519 ventris
1125 4471 1235 4519 nomine
1254 4468 1283 4535 (1.
1306 4472 1336 4534 1,’
1353 4469 1397 4528 27,
1419 4467 1479 4533 iu).

305 4552 382 4601 xxv,
404 4543 430 4589 4.
1055 4538 1094 4606 (1)
1112 4541 1144 4591 L.
1165 4538 1190 4606 1,
1215 4553 1304 4601 xxiv,
1334 4541 1481 4594 adesum
1503 4535 1661 4604 specialem,

359 4613 387 4662 (2
434 4613 451 4660 l.
473 4614 497 4674 1,
521 4613 554 4661 10
573 4624 631 4674 seq.
651 4611 689 4664 ib.
1002 4627 1057 4674 quo
1076 4613 1284 4662 matrimonium
1298 4625 1408 4676 quoque
1428 4610 1519 4678 dirimi
1539 4611 1662 4674 antiqui-

360 4685 387 4746 (2
435 4683 454 4736 l.
476 4686 490 4732 1
511 4697 553 4746 pr.
575 4695 699 4749 xxxvn,
720 4684 746 4732 9.
767 4683 828 4732 Nisi
851 4683 963 4753 eviden·
999 4685 1046 4732 tus
1065 4686 1261 4746 quaerebatur,
1286 4685 1348 4732 vide
1367 4685 1397 4731 in
1415 4684 1434 4733 l.
1453 4679 1488 4734 28
1513 4683 1543 4733 0.
1568 4699 1593 4745 v,
1615 4684 1641 4734 4.

371 4258 384 4303 1

370 4328 385 4374 2

370 4471 386 4518 2

289 4507 293 4524 l
