3726 5352
511 297 512 300 ’
572 285 670 356 carur
687 287 732 357 rv.
753 318 793 354 nr.
812 317 1033 354 nssrrrurrosu
1052 315 1139 355 ncrrs
1511 302 1544 351 87

202 436 254 495 De
278 452 368 511 casu,
392 435 443 494 uti
466 434 606 494 evidens
629 435 692 512 est,
716 448 783 492 non
806 413 985 492 tenebatur
1001 431 1056 508 (5).
1075 431 1173 504 Quod
1189 447 1277 490 *vero
1293 431 1417 490 attinet
1432 431 1473 489 ad
1490 447 1541 490 re·

128 571 136 586 ¹·
203 515 390 601 stitutionis
413 541 560 626 modum,
582 523 766 616 generatim
792 539 930 600 maritus
955 539 1134 600 tenebatur
1156 538 1338 598 transferre
1361 538 1543 599 dominium

177 666 313 727 ¹rerum
348 649 520 728 dotalium,
545 636 645 706 etiam
670 648 705 706 in
729 663 809 706 casu
833 664 898 722 quo
923 663 981 726 per
1006 646 1241 720 usucapionem
1268 648 1443 706 constante
1463 629 1544 704 ‘ma-

202 753 357 815 trimonio
381 754 573 814 huiusmodi
597 745 779 814 duminiuur
804 752 1027 829 adquisiisset
1044 752 1102 830 (6);
1120 751 1210 828 quod
1226 753 1254 812 si
1270 753 1452 826 dominium
1475 769 1543 811 non

202 847 354 936 haberet,
377 861 558 921 tenebatur
581 863 623 920 ad
648 859 1124 938 possessionem-tradendam,
1149 861 1288 937 inqua,
1317 859 1346 919 si
1369 864 1449 935 apta
1464 875 1542 918 usu·

204 969 344 1056 cepioni,
368 967 503 1047 poterat
525 969 645 1028 mulier
668 967 849 1043 procedere
874 967 1045 1041 usquead
1069 964 1266 1041 explendam
1291 967 1386 1025 iuxta
1405 966 1542 1026 titulum

68 1063 71 1070 ’
199 1093 263 1153 pro
288 1077 390 1134 solato
418 1075 474 1153 (7).

270 1183 452 1243 Praeterea
475 1182 535 1242 dos
558 1184 692 1257 poterat
715 1180 897 1241 consistere
920 1181 955 1239 in
973 1181 1062 1258 jure;
1082 1197 1205 1255 ,nempe
1229 1181 1284 1240 vel
1308 1180 1342 1240 in
1361 1181 1439 1256 jure
1455 1180 1491 1238 in
1506 1195 1542 1238 re

124 1270 127 1279 ’
204 1290 322 1368 aliena,
347 1290 402 1348 vel
424 1289 458 1348 in
478 1289 557 1364 jure
581 1288 807 1364 obligationis
991 1372 993 1378 y

184 1390 186 1394 ’
316 1404 346 1466 a)
369 1395 429 1454 Ius
452 1395 488 1455 in
512 1411 547 1453 re
571 1391 747 1454 aliena-
772 1393 893 1454 Omnia
915 1394 1087 1473 debebant
1113 1395 1248 1454 restitui
1270 1395 1303 1452 in
1327 1411 1366 1454 eo
1382 1397 1484 1473 statu,
1509 1393 1543 1451 in

79 1489 98 1523 ‘¹
127 1572 130 1577 ,
204 1519 270 1578 quo
294 1511 390 1562 erant
413 1489 492 1562 ante
514 1501 604 1562 dotis
627 1502 913 1562 constitutionem.
938 1502 979 1560 In
1003 1503 1125 1582 specie,
1150 1502 1239 1577 quod
1263 1501 1306 1561 ad
1330 1501 1544 1562 ususfructus

199 1609 326 1668 dotalis
349 1609 473 1669 attinet
495 1608 753 1685 restitutionem,
768 1609 881 1684 plures
904 1625 1067 1685 exurgere
1091 1611 1248 1684 poterant
1271 1625 1377 1670 casus.
1403 1609 1545 1668 Maritus

205 1718 278 1776 erat
301 1715 465 1792 dominus3
491 1712 1010 1793 constituensususfructuarius,
1035 1714 1093 1789 qui
1117 1715 1361 1774 usumfructum
1380 1715 1415 1773 in
1431 1715 1543 1774 dotem

206 1822 311 1882 dedit.
351 1822 468 1882 Soluto
503 1820 723 1898 matrimonio,
759 1821 881 1880 iterum
900 1822 959 1896 jus
992 1822 1209 1888 ‘ususfructus
1244 1821 1390 1881 debebat
1425 1821 1544 1881 consti-

107 1962 119 2000 ,
206 1930 257 1987 aa
282 1927 334 2004 (e).

232 2103 233 2106 Ἴ
272 2032 415 2098 lifericus
437 2047 506 2092 non
522 2037 594 2092 erat
608 2033 763 2093 dominus
776 2049 885 2108 neque
901 2033 1200 2110 ususfructuarius;
1212 2013 1455 2094 'constitueras
1471 2049 1544 2092 con-

208 2137 438 2200 tradorninus
469 2138 570 2200 dedit
587 2139 757 2198 in'dotcm
793 2139 1049 2199 usumfructum.
1087 2141 1204 2200 Soluto
1239 2139 1449 2202 matrimonio
1488 2157 1547 2214 per

176 2275 179 2280 ,
205 2245 344 2306 mortem
370 2247 478 2305 mariti
497 2262 565 2331 seu
587 2245 856 2324 ususfructuarii,
881 2247 946 2305 iarn
970 2249 1089 2322 sponte
1113 2264 1176 2312 sua
1198 2247 1411 2309 ususfructus
1434 2263 1546 2306 rever-

164 2340 166 2346 ’
206 2354 343 2413 tebatur
377 2353 420 2411 ad
450 2353 689 2428 proprietatem
713 2353 779 2432 (9),
811 2354 921 2418 soluto
956 2355 1166 2414 matrimonio
1201 2354 1383 2430 superstite
1418 2355 1547 2429 marito,

189 2445 261 2520 ¹hic
279 2461 426 2520 debebat
448 2459 566 2520 cedere
590 2450 688 2519 suum
706 2461 774 2536 jus.
1550 2528 1552 2532 ¹

171 2635 174 2641 ¹
191 2622 193 2626 ,
255 2575 256 2578 ’
272 2568 390 2641 Neque
413 2567 563 2646 maritus,
581 2583 690 2641 neque
707 2567 916 2627 constituens
932 2571 1028 2628 erant
1041 2547 1173 2627 domini
1186 2569 1244 2646 rei,
1262 2569 1321 2628 sed
1338 2569 1549 2629 constituens

120 2751 122 2755 Ι
206 2675 279 2758 erat
302 2673 508 2733 solummodo
532 2673 831 2752 ususfructuarius,
854 2676 913 2750 qui
932 2676 991 2750 jus
1018 2692 1114 2735 suurn
1139 2677 1178 2750 iu¹
1197 2676 1308 2736 dotem
1334 2676 1438 2741 dedit.
1456 2677 1548 2737 Solu·

206 2787 242 2842 to
268 2782 476 2842 matrimonio
501 2781 680 2840 difficultas
712 2782 899 2858 exurgebat
929 2799 972 2842 ex
995 2800 1045 2860 eo,
1069 2782 1159 2856 quod
1185 2783 1400 2869 ususfructus
1436 2783 1549 2842 afru-

158 2921 160 2926 ,
207 2882 336 2948 ctuario
359 2889 458 2958 alteri
482 2893 615 2963 praeter
646 2888 816 2953 dominum
855 2890 1071 2965 proprietatis
1094 2890 1169 2949 cedi
1195 2907 1261 2949 non
1297 2893 1430 2965 poterat
1454 2890 1545 2968 (10),

207 2996 470 3070 quare'remedii
496 2997 568 3055 loco
592 2978 822 3055 introductum
845 2996 921 3067 fuit,
939 2999 979 3056 ut
1000 2997 1055 3056 vel
1079 2997 1310 3056 tantummodo
1334 2997 1551 3057 ususfructus

209 3103 411 3178 exercitium
430 3103 678 3180 restitueretur,
695 3103 761 3182 vel,
778 3103 913 3162 domino
930 3103 1171 3181 consentiente,
1195 3103 1317 3162 iterum
1335 3103 1550 3163 ususfructus

207 3211 471 3274 constitueretur
498 3209 528 3268 ei
556 3210 610 3269 cui
634 3209 868 3269 restituendus
891 3214 991 3289 esset,
1016 3210 1072 3269 vel
1095 3191 1228 3270 demum
1252 3209 1375 3269 iudicis
1406 3208 1547 3269 arbitrio

207 3316 422 3376 ususfructus
445 3317 609 3392 praetium
635 3320 864 3391 praestaretur
888 3317 964 3394 (ll).

319 3425 353 3497 b)
377 3423 436 3483 Ius
460 3423 742 3498 obligationis-
765 3423 944 3483 Nominum
970 3423 1005 3482 in
1030 3423 1142 3501 dotem
1183 3425 1336 3484 datorum
1376 3420 1548 3485 restitutio
1581 3420 1585 3429 ‘

153 3561 154 3564 κ
205 3509 254 3589 ita
277 3530 390 3606 fiebat,
416 3532 454 3589 ut
481 3530 621 3592 maritus
645 3531 737 3605 quod
761 3531 922 3608 exegerit,
947 3531 1143 3590 restitueret
1166 3529 1243 3608 (12).
1269 3531 1378 3604 'Quod
1417 3531 1445 3591 si
1481 3548 1547 3590 non

207 3637 386 3715 exegisset,
411 3637 470 3696 sed
495 3638 635 3719 maritus
658 3639 730 3712 ipse
752 3637 874 3698 fuisset
898 3638 1040 3717 debitor,
1059 3642 1093 3698 et
1109 3639 1169 3700 dos
1193 3625 1379 3699 constituta
1402 3642 1491 3698 essct
1514 3638 1549 3696 in

206 3745 463 3820 acceptilatione
495 3745 602 3805 eidem
629 3746 729 3824 facta,
754 3747 864 3806 soluto
887 3747 1098 3806 matrimonio
1122 3747 1290 3807 obiectum
1316 3747 1442 3806 veteris
1465 3745 1548 3805 obli·

207 3851 352 3927 gationis
376 3851 509 3934 tradere
534 3852 727 3927 cogebatur,
745 3852 773 3912 si
797 3853 915 3926 utique
937 3852 1099 3928 obligatio
1120 3870 1204 3926 pura
1218 3852 1331 3932 fuerit;
1355 3856 1415 3911 aut
1438 3851 1549 3910 denuo

87 3937 89 3944 ’
173 3997 177 4002 -
205 3961 396 4017 restaurare
417 3975 510 4046 suam
526 3958 764 4034 obligationem
790 3958 869 4037 (13).
894 3957 1182 4032 Quandocumque
1206 3951 1286 4018 ve‘ro
1309 3959 1395 4017 alter
1418 3957 1550 4016 debitor

205 4070 308 4146 esset,
344 4083 463 4141 nempe
488 4067 543 4126 vel
565 4066 623 4127 ille
647 4067 702 4126 cui
733 4066 943 4126 restituenda
973 4069 1047 4126 erat
1070 4066 1141 4144 dos,
1168 4066 1219 4126 vel
1243 4067 1434 4164 extraneus,
1470 4065 1552 4123 tunc

256 4272 295 4342 (5)
313 4275 332 4323 l.
355 4275 398 4340 18,
420 4276 534 4341 1,xxrv,
556 4275 582 4323 3.
951 4271 1009 4340 (10)
1029 4272 1091 4323 Gai.
1112 4287 1146 4335 11,
1168 4274 1212 4339 30,
1233 4287 1294 4336 par.
1309 4235 1331 4322 v3
1351 4273 1380 4339 i.,
1401 4285 1434 4323 11.
1456 4275 1482 4324 4.

256 4345 294 4413 (a)
313 4330 398 4409 trag.
419 4347 484 4398 Vae.
507 4348 568 4411 1113
598 4347 617 4396 r.
649 4347 692 4408 11,
723 4357 812 4408 xxiv,
835 4346 860 4408 33
1002 4349 1011 4412 )

202 4417 222 4465 1.
245 4418 270 4478 1,
292 4429 353 4481 xm,
373 4419 399 4466 9.
781 4455 784 4464 .
980 4455 986 4476 ,
1011 4417 1036 4468 3,

212 4551 215 4555 .
258 4489 333 4551 (711.
355 4487 398 4550 13,
421 4489 446 4550 6,
468 4501 530 4550 xnr,
553 4489 579 4538 2.
999 4489 1048 4550 )l.
1070 4488 1113 4548 48,
1138 4485 1160 4549 1,
1183 4499 1274 4549 xxm,
1291 4487 1315 4552 33
1330 4487 1348 4538 1.
1365 4489 1408 4549 44,
1427 4488 1452 4553 1,
1467 4498 1555 4549 xx1v‚

256 4557 295 4622 (8)
314 4559 333 4608 l.
355 4560 388 4610 78
408 4575 462 4626 pr,
485 4562 510 4624 l,
531 4572 621 4622 xxm,
637 4560 662 4608 3.
738 4569 739 4572 ’
899 4559 925 4607 3.
1343 4580 1348 4589 ·
1397 4595 1398 4602 1

256 4628 295 4698 (9)
316 4631 334 4682 1.
353 4632 397 4697 re,
419 4633 435 4680 2
454 4632 492 4680 u.
951 4630 1007 4693 (13)
1028 4630 1056 4679 u.
1077 4631 1120 4696 12,
1143 4632 1167 4699 25
1188 4631 1232 4691 43,
1255 4631 1280 4696 1,
1301 4641 1392 4692 xxm,
1414 4629 1440 4681 3.

1029 4345 1190 4411 11.66;78,
1218 4345 1244 4406 3,
1277 4357 1365 4405 xxm,
1400 4343 1425 4406 33
1458 4345 1477 4393 l.
1511 4345 1555 4419 57,
