3710 5346
318 337 351 395 54
401 329 402 332 “
595 355 670 394 rans
690 355 786 392 1111111
807 369 838 381 -
859 339 965 395 ruder.
987 356 1020 392 rr.
1042 356 1082 392 nn
1101 357 1178 408 ouen
1198 356 1383 414 suerranum

390 471 447 532 III
470 505 512 516 -
542 472 699 548 Oocmptio
722 472 873 550 -Erat
895 471 1003 530 formu
1026 471 1183 530 solemnis
1207 473 1242 530 et
1265 471 1375 531 ciuilis
1403 471 1544 531 fundata
1565 480 1669 545 super

323 581 535 640 eontractum
571 579 751 652 emptionis
786 577 1003 637 venditionis.
1029 579 1151 636 Mulier
1174 595 1216 640 ex
1241 579 1449 653 coemptione
1471 579 1505 638 in
1536 557 1670 638 manum

325 687 550 747 conveniebat
573 703 633 760 per
657 686 947 762 mancipationem,
978 685 1013 744 id
1045 688 1098 744 est
1129 702 1188 760 per
1220 686 1398 761 quamdam
1435 686 1674 762 imaginariam.

322 775 526 868 emptionem
550 793 802 856 venditionem:
828 809 903 852 narn
928 792 1091 852 adhibitis
1114 810 1178 850 non
1205 792 1316 851 miuus
1350 810 1449 868 quam
1474 811 1496 851 v
1519 785 1691 852 testibus
1717 769 1719 776 Ι

322 900 455 960 civibus
467 927 469 934 v
481 899 644 960 Romanis
665 900 860 978 puberibus,
885 900 965 958 item
990 899 1189 974 libripende,
1207 916 1280 959 asse
1297 900 1430 960 emebat
1446 916 1523 960 eum
1539 900 1669 975 mulier,

321 1008 410 1089 etis
434 1007 623 1079 mulierem,
648 1007 745 1065 cuius
768 1006 801 1090 in
824 1024 957 1066 manum
983 987 1209 1065 conveniebat
1233 1006 1289 1084 (5).

389 1115 508 1188 Neque
532 1117 655 1189 tamen,
681 1113 731 1187 uti
754 1114 860 1186 patet,
885 1113 1064 1171 dicendum
1090 1116 1143 1172 est
1166 1113 1266 1192 quod,
1280 1112 1400 1184 mulier
1423 1116 1592 1188 tamquam
1609 1093 1670 1172 res

322 1221 501 1294 emeretur;
524 1212 589 1280 n'ou
615 1219 702 1278 euim
732 1218 964 1278 tantummodo
988 1218 1038 1278 uti
1062 1218 1242 1297 obieetum,
1267 1219 1326 1278 sed
1358 1205 1534 1278 etiam'uti
1558 1218 1668 1278 subie-

322 1331 413 1388 ctum
445 1326 488 1385 ad
510 1327 598 1385 hane
620 1325 761 1385 formam
785 1326 1007 1388 concurrebat
1030 1325 1085 1402 (6).
1236 1399 1238 1405 k
1433 1321 1435 1326 ’
1740 1303 1742 1309 ’

300 1508 303 1514 1
389 1435 441 1494 IV
465 1466 508 1477 -
538 1431 619 1492 Usus
642 1429 689 1512 (7)
713 1433 892 1492 -Forma
915 1450 996 1491 usus
1019 1433 1054 1492 in
1078 1433 1289 1492 matrimonio
1305 1434 1370 1492 iam
1386 1433 1421 1492 in
1437 1434 1511 1510 lege
1528 1434 1600 1493 XII
1616 1437 1668 1492 ta·

322 1543 478 1602 bularum
513 1540 758 1617 agnoscebatur
783 1539 840 1617 (8).
866 1539 939 1600 Usu
963 1541 998 1599 in
1022 1558 1155 1625 manum
1180 1538 1404 1600 conveniebat
1428 1541 1557 1617 mulier,
1581 1557 1667 1615 quae
1729 1537 1730 1542 ’

323 1635 415 1710 anuo
435 1648 595 1708 continuo
618 1649 725 1721 nupta
740 1650 1001 1726 perseverasset;
1018 1647 1097 1722 quia
1114 1647 1200 1706 enim
1219 1647 1315 1706 velut
1330 1653 1441 1706 annua
1456 1646 1668 1730 possessione

324 1774 386 1816 usu
409 1756 618 1831 capiebatur,
643 1755 677 1812 in
702 1753 863 1813 familiam
887 1754 953 1812 viri
976 1753 1323 1832 transibat'filiaeque
1346 1754 1455 1813 locum
1481 1754 1666 1815 obtinebat.

322 1866 359 1924 si
374 1881 439 1950 qua
467 1879 545 1922 vero
568 1863 675 1922 nollet
690 1878 730 1921 eo
746 1861 845 1921 modo
867 1860 901 1919 in
927 1879 1061 1920 manum
1086 1861 1196 1921 mariti
1221 1863 1412 1940 convenire,
1429 1879 1469 1921 ea
1484 1861 1668 1936 quotannis

322 1970 481 2032 trinoctio
504 1969 622 2028 abesse
646 1968 803 2045 debebat,
831 1970 932 2042 atquo
961 1985 1000 2027 eo
1029 1968 1126 2028 modo
1150 1969 1311 2042 cuiusque
1340 1968 1419 2026 anni
1447 1983 1544 2026 usum
1567 1968 1668 2027 inter-

323 2078 502 2152 rumpebat
525 2075 581 2156 (9).
1232 2159 1234 2166 Ι

390 2185 508 2259 Neque
531 2188 643 2244 tamen
667 2185 723 2243 hio
746 2201 880 2260 quoque
904 2185 1091 2260 putandum
1116 2185 1280 2259 estquod
1305 2185 1441 2244 neusin
1465 2185 1605 2244 muliere
1630 2200 1665 2243 se

323 2293 465 2352 haberet
488 2308 527 2350 ao
550 2292 582 2350 in
613 2293 756 2352 coeteris
790 2292 901 2352 rebus.
927 2293 968 2351 In
1003 2309 1077 2370 usu,
1102 2293 1213 2366 prouti
1252 2291 1399 2351 diximus
1433 2291 1588 2366 superius
1625 2290 1668 2349 de

322 2399 543 2473 coemptione,
564 2399 685 2484 mulier
708 2403 781 2459 erat
804 2399 970 2458 obiectum
996 2383 1154 2459 simulac
1178 2399 1368 2458 subiectum
1386 2398 1569 2474 juridicum
1588 2397 1666 2474 (10).

689 2587 711 2683 §1
737 2613 789 2672 37.
815 2610 1059 2671 Matrimonium
1083 2628 1146 2670 coo
1169 2612 1310 2674 solem-uc.

389 2823 472 2882 I-
498 2823 555 2882 Ad
579 2823 826 2882 matrimonium
858 2835 930 2898 nou
971 2825 1118 2884 solemne
1142 2840 1201 2883 seu
1226 2823 1368 2882 liberum
1399 2819 1569 2884 sufficiens
1593 2827 1666 2884 erat

322 2945 505 2989 cousensus
543 2914 604 3020 seu
642 2931 776 2990 allectio
815 2931 977 2990 maritalis
1003 2932 1056 3008 (1).
1090 2930 1246 2990 Ceterum
1282 2931 1363 3010 lieet
1401 2931 1495 2990 nulla
1534 2931 1666 3006 proprie
1734 2957 1738 2980 s

322 3038 412 3096 esset
426 3037 461 3095 in
478 3037 697 3097 matrimoniis
720 3038 837 3097 liberis
860 3039 1098 3098 contrahendis
1121 3042 1250 3100 statuta
1267 3039 1416 3114 juridica
1438 3039 1558 3110 forma,
1582 3039 1665 3099 nihi-

278 3197 281 3200 <
321 3141 469 3204 lominus
506 3145 620 3218 plures
655 3161 697 3204 ex
732 3145 880 3204 moribus
919 3146 1186 3205 observabantur
1209 3145 1305 3224 ritus,
1330 3145 1387 3219 qui
1412 3139 1454 3204 ad
1486 3123 1668 3205 essentiam

323 3251 525 3328 matrimonii
548 3268 615 3310 nou
639 3252 855 3326 pertinebant
878 3252 931 3330 (2).
957 3252 1011 3312 Sic
1040 3251 1204 3327 quaedam
1238 3252 1398 3312 videntur
1434 3253 1538 3313 verba
1574 3269 1668 3312 usur·

317 3361 402 3432 ‘pata
424 3358 539 3440 fuisse,
551 3377 612 3434 per
635 3377 721 3435 quae
744 3359 1012 3419 vir‘declarabat
1027 3377 1063 3419 se
1080 3376 1217 3420 uxorem
1242 3360 1365 3420 ducere
1389 3360 1668 3437 liberorumquoe-

324 3465 496 3524 raedorum
520 3483 620 3526 causo
643 3468 697 3542 (3).

372 3744 411 3811 (a)
430 3745 491 3798 sar.
513 3759 533 3807 1,
556 3748 618 3809 1133
648 3748 707 3798 eie.
731 3723 761 3796 ai
780 3753 847 3798 aar.
878 3761 898 3808 ι,
926 3749 978 3810 56;
1072 3745 1110 3814 (s)
1129 3747 1190 3798 oar.
1212 3749 1321 3810 ι,111;
1343 3748 1413 3798 corr.
1434 3761 1480 3810 ιιι,
1502 3750 1528 3799 2.

315 3833 367 3882 pro
380 3819 501 3878 Murena,
516 3820 563 3882 123
579 3834 630 3882 pro
641 3821 748 3881 Flacco,
762 3819 806 3882 343
827 3819 894 3870 Isid.
909 3820 978 3881 Orio.
1070 3820 1110 3880 (9)
1130 3819 1191 3868 Gai.
1213 3820 1269 3870 l.c.
1291 3819 1410 3869 Consule
1429 3819 1485 3869 Cic.
1506 3834 1558 3882 pro
1576 3819 1674 3868 Flacco
1761 3861 1813 3876 .,

319 3902 351 3954 V,
363 3891 407 3938 24:
429 3890 553 3952 Servius,
572 3891 606 3938 ad
618 3893 711 3953 Georq.
725 3893 749 3953 1,
764 3891 795 3938 31
808 3905 814 3952 ;
829 3890 980 3954 Arnobius,
1020 3891 1069 3954 343
1090 3891 1215 3940 Macrob.
1237 3893 1342 3940 Satura.
1364 3904 1384 3952 1,
1406 3891 1431 3940 3.

319 3961 387 4010 Ado.
408 3965 489 4022 pent„
505 3974 547 4026 iv,
564 3963 612 4028 203,
627 3963 737 4024 Festus,
761 3963 839 4014 Gaio.
854 3962 896 4013 ef.
913 3961 975 4013 Gai.
1069 3963 1124 4024 (10)
1146 3962 1205 4012 Gai.
1226 3963 1244 4013 l.
1261 3978 1296 4025 6,,
1319 3961 1386 4011 195a
1401 3978 1407 4024 3
1429 3961 1487 4012 Cic.
1504 3976 1555 4025 pro
1571 3962 1672 4012 Cleant.

321 4033 383 4089 115,
407 4033 494 4081 1952.
1018 4034 1050 4096 ὃς
1066 4049 1118 4096 pro
1137 4035 1234 4082 Flacco
1252 4033 1271 4084 l.
1293 4048 1317 4082 o.
1719 4033 1722 4038 ’

375 4099 415 4170 (6)
433 4104 503 4153 Inde
512 4107 636 4168 coemptio
655 4105 735 4166 quasi
746 4120 803 4152 cam
821 4107 924 4168 emptio,
935 4103 977 4154 of.
1070 4101 1187 4171 (ltpar.
1209 4107 1224 4152 2
1244 4105 1263 4152 i.
1285 4118 1330 4160 111.
1353 4106 1384 4165 13
1413 4104 1431 4155 1.
1453 4104 1496 4170 32,
1518 4105 1561 4165 13,
1583 4115 1672 4164 ΧΧΝ,

321 4173 383 4226 Gai.
404 4187 425 4236 1,
448 4175 509 4226 123.
1019 4173 1049 4232 1:
1071 4176 1089 4226 l.
1112 4176 1144 4224 31
1165 4191 1207 4238 pr.
1229 4188 1340 4236 xxxix,
1362 4176 1394 4239 53
1413 4176 1432 4224 l.
1454 4176 1516 4236 220,
1538 4175 1563 4234 3,
1586 4170 1672 4240 n,16;
1760 4213 1763 4222 ι

371 4243 623 4311 (ildommuniter
646 4248 871 4308 usustamquam
891 4247 980 4295 forma
1017 4246 1036 4297 1.
1055 4248 1070 4296 9
1091 4246 1119 4297 O.
1139 4259 1170 4305 v,
1183 4249 1209 4308 43
1230 4247 1247 4296 l.
1269 4249 1300 4296 ll
1321 4247 1352 4298 O.
1365 4259 1395 4308 v,
1412 4247 1540 4311 27;.N0v.
1557 4247 1590 4294 22
1603 4245 1631 4294 0.
1645 4243 1670 4300 3.
1700 4239 1703 4248 ’

320 4316 478 4365 traducitur
492 4317 662 4366 matrimonii
676 4318 817 4366 solemnis.
834 4318 886 4366 Sed
900 4318 922 4366 si
937 4332 979 4366 so·
1070 4315 1109 4383 (2)
1128 4318 1168 4366 Of.
1189 4319 1208 4368 l.
1230 4318 1273 4378 66,
1297 4321 1320 4381 1,
1342 4330 1431 4378 xxiv,
1453 4321 1487 4382 13
1509 4318 1583 4366 Plut.
1606 4317 1673 4378 Quo·

320 4386 451 4437 lemnitas
464 4389 492 4436 in
505 4387 596 4437 forma
614 4393 732 4438 externa
745 4389 873 4451 ponenda
892 4392 976 4450 esset,
1016 4394 1060 4438 eet.
1080 4390 1178 4451 29-31;
1198 4390 1287 4450 Ferit,
1309 4391 1394 4454 Aqua,
1415 4390 1519 4451 Facem,
1545 4389 1671 4450 (leniciis,

320 4459 388 4508 tune
406 4474 467 4508 nouo
486 4464 712 4510 nonessetveru
731 4460 836 4509 forma:
858 4461 918 4509 sine
938 4476 979 4509 so·
1018 4462 1149 4520 Pronuba,
1177 4461 1257 4524 Ropi.
1437 4509 1439 4513 .

319 4529 466 4579 lemnitate
497 4531 592 4593 aliqua
621 4532 830 4584 matrimonium
860 4532 978 4580 liberum
1068 4532 1310 4598 <3>Ulp.,111,3;
1337 4532 1356 4582 l.
1377 4532 1392 4580 9
1413 4531 1442 4583 C.
1463 4544 1495 4596 v,
1516 4532 1546 4594 43
1576 4530 1672 4579 Plaut.

319 4603 384 4665 post
403 4616 506 4650 annum
526 4603 663 4666 gignebat
676 4603 804 4652 effoetum
818 4603 980 4652 conventio·
1019 4603 1092 4666 Capi.
1113 4616 1154 4666 rv,
1173 4605 1189 4651 2
1209 4619 1236 4652 v.
1257 4604 1325 4670 8223
1346 4605 1434 4664 Post,
1458 4604 1565 4664 Quaeso.

266 4699 270 4712 ι
320 4687 413 4721 mem
432 4687 557 4722 manum.
