3712 5346
803 280 937 320 murman
1371 275 1372 278 ’
1494 272 1545 322 207

214 429 215 432 =
266 395 511 471 Irnpnedimenta
526 397 693 456 naturalia
705 397 873 458 illaerant
888 399 1011 476 quibus
1035 399 1239 482 extantibus*
1254 400 1375 476 aliquis
1399 383 1542 477 incapax

195 506 271 560 crat
297 503 443 563 nubendi
460 507 520 564 aut
535 503 640 564 relate
657 503 699 563 ad
716 521 830 565 omnes
846 521 1016 584 personas,
1029 479 1210 578 aut'relate
1234 507 1276 566 ad
1293 508 1452 604 quasdam
1463 509 1541 568 tan·

197 609 379 670 tummodo.
393 610 560 670 Absolute
576 610 824 686 impediebatur
840 612 1086 672 matrimonium
1100 613 1128 672 si
1142 613 1343 674 elementum
1360 615 1539 689 essentiale

198 713 231 772 iu
257 731 399 788 persona
422 717 652 778 contrahentis
676 716 865 794 defecisset,
890 718 1044 776 nimirum
1069 719 1201 778 animus
1217 720 1274 797 (b),
1292 723 1331 780 ut
1346 719 1379 780 in
1397 723 1579 800 amente,',
1620 747 1622 751 ’

195 825 257 880 ant
281 839 412 902 (eortius,
430 823 480 883 uti
496 823 530 882 in
548 827 704 887 castrato.
722 825 878 886 Relative
902 821 1158 904 impediebatur,
1176 827 1204 886 si
1220 828 1339 890 relatio
1356 829 1541 890 talisesset

197 927 287 987 inter
302 929 474 1010 quosdam,
499 934 538 990 ut
561 935 678 990 eontra
693 935 848 991 naturam
864 933 919 992 vel
933 933 1052 992 saltem
1069 934 1125 993 ius
1138 934 1328 1010 coniugium
1353 932 1496 1015 fnisset(
1518 937 1539 1010 ).

265 1035 305 1092 In
329 1035 435 1118 prium
459 1052 539 1096 cusu
562 1036 700 1097 evidens
724 1038 890 1112 estquod
915 1038 1159 1099 matrimonium
1192 1039 1398 1115 impossibile
1422 1042 1540 1102 evade·

195 1139 255 1200 bat
278 1141 433 1201 omnibus
453 1142 666 1214 'horninibus
689 1145 725 1223 et
750 1143 888 1218 proinde
918 1145 1158 1220 impedimenta
1188 1147 1380 1207 huiusmodi
1408 1149 1542 1224 generis

196 1247 337 1308 fuerunt
358 1248 390 1320 in
416 1265 627 1324 quacumque
650 1249 862 1326 legislatione
884 1252 1078 1330 recognita;
1095 1269 1170 1310 nam
1188 1252 1360 1329 legislator
1376 1255 1542 1314 humanus
1612 1315 1613 1318 ,

196 1371 263 1414 non
290 1358 401 1429 potest
435 1359 576 1416 naturae
612 1357 778 1416 elementa
801 1357 850 1416 ita
873 1358 1046 1418 elaborare
1069 1363 1109 1418 ut
1131 1376 1191 1433 pro
1214 1360 1354 1420 arbitrio
1377 1361 1419 1427 ad
1443 1377 1541 1421 casus

194 1467 366 1540 aptentur,
395 1481 479 1538 quos
505 1463 578 1538 ipsc
606 1464 773 1538 inspicere
802 1465 915 1525 vellet.
947 1467 972 1524 ll
1001 1469 1119 1525 contra
1142 1468 1174 1525 in
1200 1469 1306 1527 altero
1343 1485 1433 1550 casu,
1462 1469 1541 1547 quia

195 1569 377 1655 relationes
400 1570 540 1630 sociales
575 1575 748 1630 initiantur
771 1572 868 1632 iuxta·
891 1571 1054 1647 graduum
1093 1573 1324 1634 diversitatem
1349 1576 1405 1650 qui
1430 1577 1464 1634 in
1489 1593 1539 1636 so·

169 1675 273 1764 'ciali
307 1693 486 1752 progressu
521 1677 666 1737 inveniri
701 1668 853 1756 possunt,
890 1679 1061 1755 legislator
1095 1680 1288 1740 facultatem
1325 1683 1438 1762 habet,
1474 1685 1540 1743 imo

195 1779 390 1858 saepissime
423 1786 522 1865 etiam
552 1785 800 1864 obligationem,
825 1787 1063 1862 impedimenta
1086 1773 1342 1848 matrimonialia
1369 1790 1541 1850 statuendi
1586 1793 1593 1823 '-
1680 1779 1682 1784 ’

196 1891 366 1965 specialia.
380 1893 447 1951 Hic
463 1893 577 1968 itaque
594 1896 733 1968 apparot
749 1893 837 1952 inter
853 1894 978 1970 legales
994 1893 1231 1968 dispositiones
1247 1895 1541 1970 discrimenpenes
1572 1935 1574 1940 .

195 1998 348 2072 populos,
364 1999 436 2059 sive
453 1999 671 2074 inspiciamus
694 2009 880 2074 temporum
906 2001 1160 2074 successionem,
1178 2003 1249 2061 sive
1266 2003 1414 2078 gentium
1429 2005 1540 2064 hurrm-

196 2123 313 2164 nerum
338 2106 554 2180 inspiciamus
576 2107 791 2166 existentiam
810 2108 932 2167 eodem
959 2111 1106 2182 tempore
1122 2125 1181 2182 per
1197 2109 1386 2168 universam
1404 2113 1539 2172 terram.

263 2215 424 2273 Attamen
460 2214 618 2290 denegari
653 2231 721 2277 non
755 2219 867 2288 potest
901 2215 990 2288 quod
1015 2215 1049 2272 iu
1074 2215 1141 2273 illis
1171 2215 1272 2274 etiam
1308 2216 1538 2292 rriatrimoniis,

201 2337 287 2396 quae
311 2323 456 2382 relativa
479 2325 728 2404 nuncupantur,
753 2339 915 2400 quaeque,
941 2322 991 2380 uti
1016 2321 1171 2396 sirprerins
1195 2322 1350 2399 diximus,
1375 2324 1540 2382 relationi·
1613 2380 1621 2398 ,

194 2427 261 2486 bus
285 2427 372 2486 inter
396 2429 557 2503 quasdam
580 2429 811 2487 tantrnnmodo
828 2445 987 2503 personas
1003 2429 1204 2506 innituntur,
1222 2429 1415 2490 inveniatur
1438 2429 1538 2504 qnod-

121 2617 124 2622 ·
194 2533 272 2612 (lam
296 2507 496 2596 elementum
522 2535 723 2597 absolutum.
748 2535 880 2594 Revera
904 2537 932 2594 si
956 2537 1068 2611 agitur
1092 2535 1133 2594 de
1157 2537 1318 2595 relatione
1354 2538 1538 2613 sirrrguinis,

177 2696 179 2699 ,
197 2642 314 2717 utique
339 2660 455 2703 verum
472 2649 524 2703 est
540 2644 643 2702 variis
659 2643 766 2703 modis
783 2659 819 2702 se
835 2645 978 2720 gessisse
1002 2643 1239 2725 legislationem
1261 2663 1324 2702 non
1344 2645 1432 2704 enim
1449 2646 1539 2719 qarod

194 2748 407 2809 inhonestum
434 2751 578 2809 romanie
594 2750 783 2828 nidelmtur,
802 2751 849 2809 ita
865 2756 900 2810 et
915 2767 1017 2824 penes
1038 2751 1217 2826 Aegiptios
1233 2752 1382 2826 aliosque
1399 2753 1540 2826 populos

163 2923 164 2928 η
194 2853 347 2914 habitum
372 2856 447 2933 fuit.
480 2857 574 2915 Idem
611 2857 754 2930 populns
785 2869 942 2942 'noina-nus
966 2874 1029 2915 non
1055 2857 1203 2916 inomni
1238 2860 1350 2917 aetate
1386 2859 1539 2932 raequalia

195 2962 373 3040 persensit,
398 2963 457 3022 sed
481 2963 544 3022 sub
568 2963 717 3042 imperia,
742 2964 883 3022 maxime
908 2963 1080 3022 christiani
1097 2964 1183 3040 aevi,
1200 2965 1241 3023 de
1257 2949 1471 3024 inhonestate
1488 2983 1540 3025 se·

195 3068 308 3128 verius
331 3069 495 3129 indicavit
518 3087 616 3145 quarn
633 3071 696 3130 sub
714 3071 916 3134 corisulibns.
942 3071 1167 3130 Nihilominus
1190 3089 1321 3146 semper
1337 3073 1403 3132 fuit
1420 3073 1537 3133 admis-

195 3194 280 3256 sum,
304 3186 340 3236 et
363 3179 406 3238 ab
429 3179 594 3257 omnibus,
619 3179 707 3252 qnod
733 3155 978 3237 matrimonium
1003 3179 1038 3236 in
1062 3179 1150 3238 linea
1173 3185 1265 3238 reeta
1289 3181 1538 3254 retinebandnm

195 3287 230 3342 et
254 3283 423 3344 diceretur
447 3287 482 3345 et
505 3292 604 3350 esset.
629 3287 736 3344 Simili
760 3287 857 3345 modo
874 3287 915 3345 de
932 3287 1141 3345 matrimonio
1157 3287 1192 3344 in
1210 3287 1298 3346 linea
1314 3305 1355 3346 en
1372 3293 1539 3347 transver-

195 3407 231 3448 so
255 3391 345 3450 inter
368 3391 505 3452 fratrem
531 3399 566 3451 et
590 3409 744 3451 sororem.
771 3392 869 3464 Quod
893 3393 921 3451 si
945 3392 1124 3466 aliquando
1152 3393 1305 3467 exempla
1341 3395 1538 3468 prepulcram

195 3498 391 3574 afferuntur,
417 3516 557 3573 quorum
581 3500 617 3558 in
640 3499 789 3558 moribus
813 3499 878 3557 fuit
902 3499 1065 3573 quaedam
1101 3499 1268 3558 horrenda
1303 3500 1439 3560 vincula
1462 3486 1537 3563 cou-

194 3605 338 3683 trahere,
363 3622 430 3663 non
454 3605 589 3664 videtur
618 3606 771 3664 concludi
797 3621 893 3679 posse
918 3605 959 3663 de
984 3605 1118 3664 diversa
1149 3605 1318 3680 cogitandi
1350 3606 1479 3669 ratione
1503 3607 1538 3664 in

192 3711 267 3778 iure
290 3715 441 3790 naturae,
466 3712 526 3771 sed
549 3712 662 3786 potius
686 3714 727 3771 de
751 3712 958 3788 gravissimis
982 3713 1161 3789 erroribus,
1186 3729 1269 3787 quos
1302 3713 1540 3787 exceptionall-
1627 3765 1628 3774 ,

194 3822 247 3878 ter
272 3819 314 3878 ob
338 3819 535 3879 latissimam
559 3837 686 3878 morum
711 3819 959 3893 corruptionem
983 3819 1084 3878 etiam
1108 3819 1142 3877 in
1167 3819 1321 3878 nationes
1349 3820 1440 3878 haud
1463 3837 1538 3878 raro

197 3927 316 3986 cadere
341 3929 484 3992 constat.

189 4101 337 4153 commisso
355 4105 407 4164 est,
430 4103 469 4151 ita
489 4105 520 4150 ut
538 4117 595 4150 non
613 4101 701 4151 solum
722 4116 845 4150 nurrrma-
882 4101 1035 4150 dimentum
1067 4099 1209 4149 inlicitas
1242 4101 1411 4149 matrimonii
1443 4100 1473 4161 (l.
1495 4100 1540 4161 22,

189 4175 241 4238 ria,
263 4175 310 4222 sed
341 4175 425 4222 etiam
445 4174 574 4236 capitalis
593 4174 743 4235 aliquando
762 4173 848 4222 fuerit
884 4185 972 4232 xxrn,
993 4171 1029 4234 2).

189 4245 344 4293 constitute
366 4242 420 4311 (cf.
442 4245 459 4294 l.
480 4245 495 4292 6
515 4245 545 4294 O.
568 4260 595 4306 v,
616 4246 643 4309 53
664 4245 682 4293 l.
705 4245 720 4293 3
740 4245 770 4293 C.
792 4245 842 4296 Th.
935 4241 972 4309 (c)
991 4244 1078 4292 Casus
1099 4246 1192 4293 tamen
1205 4243 1312 4303 aderet,
1334 4244 1362 4290 in
1383 4257 1446 4304 quo.
1469 4256 1543 4290 sum-

188 4329 236 4378 111,
258 4314 312 4377 12).
333 4315 507 4365 lastinianus
526 4317 645 4378 deniqne
676 4317 760 4364 exilio
780 4316 848 4364 mul·
884 4329 945 4371 mae
964 4315 1121 4363 affectionis
1147 4316 1251 4364 intuitu
1280 4315 1382 4362 tutoris
1405 4327 1472 4376 ergo
1492 4327 1543 4374 pu-

135 4396 137 4398 ’
189 4387 342 4436 ctavithoc
356 4389 469 4452 crimen,
484 4391 513 4436 ct
525 4387 663 4450 corporali
682 4387 844 4449 castigatio·
882 4387 988 4448 pillam,
1010 4387 1121 4449 impune
1141 4387 1349 4436 matrimonium
1372 4385 1540 4434 concedeba-

188 4473 223 4506 ne
242 4459 265 4507 si
286 4460 349 4522 quis
368 4459 433 4507 vilis
453 4459 621 4507 conditionis
640 4459 786 4506 convietus
805 4472 846 4507 es·
884 4459 931 4506 tur
959 4457 1036 4505 inter·
1061 4458 1144 4506 istam
1172 4461 1200 4506 ot
1229 4456 1304 4506 illius
1329 4456 1542 4506 descendentem

189 4532 232 4578 set
252 4530 334 4590 (Nov.
356 4531 399 4594 12,
421 4529 452 4582 C.
474 4531 511 4591 1).
881 4529 910 4594 (l.
930 4529 973 4593 dl,
994 4530 1018 4589 1,
1042 4540 1131 4589 xxiii,
1154 4531 1189 4592 2).

244 4604 283 4664 (b)
304 4602 397 4650 Timor
416 4601 610 4650 reverentlalis
624 4613 679 4650 non
691 4604 750 4649 erat
761 4601 845 4662 impe·
