3710 5346
532 319 635 384 vcarun
655 321 685 360 v.
707 322 746 358 nu
765 317 990 362 nrssouurrouu
1009 319 1198 360 ιιιιιιιιιιοιιιι
1516 309 1549 359 69

312 437 338 509 1)
361 435 494 496 demum
534 453 595 511 pro
618 438 745 497 honore
775 441 811 498 et
845 436 1010 514 dignitate
1041 423 1270 516 assequendis,
1289 411 1426 512 ¹quibus
1454 440 1547 498 oerta

200 542 436 618 requirebatur
458 545 562 621 aetas,
587 545 728 620 quisque
752 545 842 605 iilius
864 557 925 620 pro
950 543 1082 622 singulo
1106 543 1283 604 deficiente
1308 561 1395 614 anuo
1412 561 1543 620 eompu-

201 649 341 710 tabatur
365 650 442 725 (15).
494 662 499 687 ³
845 633 847 636 ¹

93 748 97 760 ’
268 755 320 816 IV
343 787 387 802 ·-
410 756 519 816 Poeno
541 757 711 832 ooetibatar
736 792 776 801 -
801 759 916 820 Poena
939 758 1127 819 coelibatus
1150 761 1223 818 erat
1240 759 1395 839 absoiuta
1409 759 1544 834 incapa-

200 862 285 922 eitas
308 863 461 949 capiendi
486 881 587 924 eausa
610 865 727 926 mortis
751 864 830 942 (16).
855 865 999 926 Onelobs'
1019 863 1182 940 eretille,
1200 865 1383 944 quinoque
1407 866 1546 924 maritus

199 985 310 1044 neque
333 971 528 1031 maritorum
551 987 690 1031 numero
712 970 970 1046 computabatur
1001 965 1081 1051 (17).
1118 971 1367 1049 Matrimonium
1401 971 1548 1032 debebat
1594 1017 1596 1020 -

200 1091 275 1136 esse
309 1076 455 1136 vali-dum
482 1077 560 1156 (18);
585 1078 725 1153 proinde
749 1077 951 1138 oououbinat
937 1080 993 1137 tus
1017 1095 1085 1137 non
1124 1077 1307 1138 excusabat
1330 1072 1406 1158 (19),
1438 1093 1546 1152 neque

200 1183 385 1243 excusabat
408 1183 653 1243 matrimonium
678 1185 882 1259 praecedens
906 1179 981 1266 (20).

268 1289 379 1370 Quum
403 1291 496 1368 leges
519 1290 608 1352 iulia
624 1295 659 1352 et
676 1291 782 1367 Papia
805 1292 1041 1378 nenessitatem
1064 1309 1131 1350 non
1149 1292 1359 1382 imponerent
1382 1291 1547 1352 matrimo-

199 1397 247 1456 nii
270 1399 426 1458 masculis
449 1399 677 1476 sexagenariis
700 1403 735 1458 et
757 1399 892 1459 feminis
921 1373 1228 1476 quinquagenariis,
1253 1415 1315 1458 neo
1339 1399 1429 1458 ultra
1456 1399 1543 1458 haue
1569 1409 1572 1427 ²

199 1509 343 1566 aetatem
368 1525 508 1582 poenam
532 1509 782 1607 oommiuareut,
807 1507 982 1567 fraudibus
1004 1507 1098 1566 loeus
1121 1508 1242 1588 patuit3
1267 1507 1390 1583 quibus
1414 1523 1545 1582 praeca

201 1614 321 1674 vendis
343 1617 447 1675 latum
472 1617 538 1676 fuit
562 1617 624 1677 SO.
649 1617 878 1678 Persioianum
904 1613 1042 1695 (21).-·-
998 1616 1115 1674 -Ειι
1132 1616 1180 1674 alt
1167 1620 1239 1685 tera
1256 1619 1351 1690 parte
1369 1615 1430 1675 SO
1448 1615 1546 1675 Olau-
1571 1661 1577 1669 .

201 1717 339 1780 dianum
362 1724 455 1800 leges
479 1724 651 1800 mitigavit
673 1727 828 1784 statuens
843 1723 932 1800 quod
956 1724 985 1784 si
1008 1723 1112 1783 maior
1136 1723 1353 1800 sexagenario
1378 1723 1536 1782 minorem

199 1827 488 1915 quinquagenaria
526 1830 671 1907 duxerit,
708 1831 846 1905 perinde
885 1830 1067 1890 haberetur
1100 1847 1139 1889 ao
1174 1830 1203 1890 si
1238 1831 1345 1890 minor
1368 1830 1544 1906 sexaginta

169 1949 171 1965 ¹
198 1951 361 2014 annorum
386 1937 548 1999 duxisset.
574 1929 934 2011 Oasum'eontrarium
959 1938 1040 1998 lieet
1066 1937 1246 1998 admittere
1274 1937 1545 2014 jurisprudentia

199 2044 455 2118 pertentaverit,
479 2043 653 2118 probibuit
677 2045 737 2105 sd.
763 2043 989 2104 Oalvisiamrm
1012 2045 1178 2126 'statuens
1199 2062 1266 2104 non
1291 2043 1450 2119 proficere
1475 2061 1541 2102 ma-

200 2147 261 2208 iori
285 2150 570 2226 quinquagenaria
596 2151 623 2210 si
648 2151 767 2210 minori
791 2152 1007 2227 sexagenario
1030 2151 1184 2226 nupserit
1207 2149 1287 2231 (22).

782 2314 965 2326 -ι-ι-

235 2475 237 2478 ·
295 2459 435 2544 ,ΒΕΟΤΙΟ
455 2460 636 2516 SECUNDA
660 2491 683 2500 -
710 2461 758 2514 DE
781 2461 1067 2518 seutiroutaus
1089 2461 1445 2517 ΡΑΤΗΙΜΟΝΙΑΗΒΠΞ
1488 2461 1516 2495 ,-

808 2596 926 2604 ——

772 2745 926 2806 CAPUT
951 2746 977 2806 Ι.

438 2973 440 2976 ,
534 2916 584 2966 DE
601 2902 718 2968 'DO'HS
743 2919 905 2967 ΝΟΤΙΟΝΕ
928 2921 976 2966 ΕΤ
998 2919 1210 2968 SPEOIEBUS.

690 3105 713 3174 ξ.
739 3102 791 3162 48.
817 3101 1057 3164 Praenotando.

267 3279 352 3339 Ι-
376 3280 416 3338 Iu
440 3281 593 3342 doctrina
617 3283 707 3342 dotis
730 3297 833 3356 penes
864 3281 1033 3341 Romanos
1056 3281 1182 3356 duplex
1209 3296 1288 3356 prae
1320 3280 1426 3340 oeulis
1459 3283 1546 3340 tem-

201 3404 319 3461 porum
344 3387 465 3448 divisio
488 3389 607 3450 haberi
631 3390 743 3449 debet.

269 3495 386 3554 Prima
407 3494 529 3556 divisio
545 3497 693 3572 pertinet
708 3496 750 3556 ad
773 3499 916 3574 tempus,
940 3497 976 3555 in
999 3513 1065 3573 quo
1089 3497 1150 3557 dos
1172 3496 1319 3556 noudum
1337 3497 1546 3572 ortamque

174 3683 176 3686 .
201 3601 332 3674 eoneipi
357 3602 500 3680 poterat
525 3619 587 3662 nec
610 3620 675 3662 non
710 3604 753 3663 ad
776 3607 920 3683 tempus,
943 3607 979 3663 in
1003 3621 1068 3679 quo
1100 3603 1160 3663 dos
1183 3594 1376 3663 introducta
1399 3607 1461 3663 est.
1487 3603 1546 3663 Ius

172 3712 174 3718 '
201 3709 302 3766 vetus
332 3723 544 3766 romanorum
568 3707 726 3772 obstabat
750 3709 840 3770 dotis
862 3709 1030 3770 institute.
1056 3709 1166 3782 Quum
1191 3692 1289 3786 enim
1309 3712 1391 3768 tuno
1414 3690 1546 3785 vigeret

202 3813 451 3872 matrimonium
475 3814 634 3892 solemus,
665 3813 700 3872 in
727 3831 794 3890 quo
821 3833 906 3876 uxor
929 3817 1152 3878 eonveuiebat
1180 3816 1215 3875 iu
1256 3833 1387 3875 inanum
1423 3815 1544 3896 mariti,

248 3984 343 4054 (15)1,
364 3990 390 4050 2,
410 4002 453 4050 ιι,
474 3990 498 4040 t.
518 3989 564 4040 ct.
584 3990 656 4040 Plin.
676 3990 854 4054 Ep.V11,16;
892 3993 997 4054 v111‚5,
1019 3991 1061 4043 19:
1087 3993 1209 4042 «Placet
1227 3993 1279 4041 bon
1298 4007 1374 4054 ergo,
1390 3991 1549 4053 elegenda

195 4059 261 4109 Τιιιι.
282 4060 353 4108 Aua.
374 4071 427 4124 ιιι,
448 4059 492 4110 19.
890 4065 1094 4127 ligentissimae
1116 4065 1230 4128 pudoris
1256 4063 1395 4120 custodes,
1428 4063 1550 4112 decimas

249 4127 307 4198 (16)
325 4131 387 4180 dai.
408 4145 441 4191 11,
462 4129 524 4198 111,
545 4133 607 4196 286;
630 4133 775 4196 Ulpxw,
795 4137 817 4196 1,
830 4135 856 4197 3,
894 4137 1029 4184 uxoribus
1048 4136 1119 4199 dari,
1137 4140 1238 4200 quarta
1257 4134 1491 4183 meretricibus»

192 4203 221 4266 ⁴3
241 4214 322 4266 xvir,
344 4204 369 4269 13
390 4215 467 4269 xxrr,
486 4205 556 4253 3-
567 4205 688 4254 Consule
700 4207 766 4255 'lae
781 4206 853 4257 Ana.
945 4207 1016 4268 (20)
1013 4206 1146 4256 coelibes
1165 4211 1259 4257 tumen
1279 4204 1549 4254 babentesfiliosan

194 4286 241 4335 ιιι,
263 4274 306 4325 28.
789 4287 791 4290 ·
866 4278 1047 4341 partialiter
1069 4280 1270 4328 excusarentur
1294 4277 1398 4339 pariter
1426 4276 1549 4326 dubitari

248 4343 506 4410 (rumetrudae.
529 4347 560 4396 O.
586 4348 621 4396 56
649 4363 735 4412 penes
762 4349 853 4398 Bruns
889 4351 983 4412 potest
1002 4350 1074 4400 exl
1095 4365 1118 4402 a.
1140 4351 1211 4414 legis
1230 4348 1328 4397 Malae.

191 4431 222 4479 p
244 4415 306 4464 149
943 4418 1000 4487 (21)
1019 4421 1084 4484 Uip
1115 4433 1178 4484 xvr,
1198 4421 1223 4472 3,
1243 4419 1322 4480 Quod
1341 4417 1550 4468 deinlaudius

248 4487 306 4549 (18)
326 4487 391 4550 Ulp.
412 4501 474 4550 xvi,
496 4489 522 4540 2.
892 4493 1014 4542 sustulit
1036 4491 1079 4544 cf.
1101 4491 1178 4542 Suet
1203 4489 1300 4544 Claud.
1321 4489 1365 4540 23.

249 4555 305 4620 (19)
324 4559 850 4624 Anauternsaltempertiaiiteroxeu-
941 4565 996 4625 (22)
1018 4563 1083 4626 Uip
1106 4564 1124 4613 1.
1145 4579 1170 4612 e.
1192 4563 1235 4613 ef.
1256 4561 1394 4625 quoquel.
1410 4561 1443 4610 12
1457 4559 1488 4609 0.
1503 4571 1547 4622 vr,

192 4631 271 4679 earet
289 4629 402 4678 dubium
421 4630 531 4682 faciunt
550 4635 636 4682 verba
667 4633 763 4694 Quint.
784 4635 851 4682 Ιιιιι,
890 4633 934 4685 58.

1706 4613 1806 4670 [Q
