3726 5352
534 301 536 305 ’
557 311 655 358 (111111
674 319 718 358 1v.
739 320 779 356 nu
799 319 1021 360 snsrrruriouu
1040 321 1128 362 nor1s
1489 316 1523 364 93
1602 294 1605 303 ’

176 434 533 513 stante‘matrimonio,
561 435 702 495 maritus
732 435 881 495 habebat
899 425 958 512 jus
981 437 1181 498 retentionis
1204 423 1305 514 super
1329 441 1451 521 dotem,
1476 457 1518 502 ne

176 541 307 602 actione
331 541 414 600 furti
434 545 575 616 ,propter
599 541 823 602 reverentiam
846 547 1004 616 ageretur
1029 539 1104 623 (18).
1292 541 1294 550 ’

243 635 298 708 HI
322 683 366 694 ·-
389 649 482 710 Iaru*
496 651 616 712 ‘acoris
634 682 677 693 —
702 649 823 708 Mulier
847 649 1021 709 fruebatur
1037 652 1213 728 privilegio
1238 653 1335 713 dotes
1355 671 1433 714 suas
1449 654 1517 714 exi·

175 755 276 832 genili
296 773 376 832 prae
399 733 555 816 omnibus
577 755 653 816 aliis
684 756 909 817 oreditoribus
944 757 1234 834 ehirographariis.
1260 762 1305 821 Et
1329 763 1392 821 hoo
1415 763 1516 838 privi-

174 862 299 938 legium
322 863 497 922 inductum
519 865 572 922 est
593 863 689 923 iuxta
711 863 796 922 illud
820 863 1031 943 principium,
1056 866 1144 940 quod
1168 867 1331 926 intererat
1347 867 1516 943 Reipubli·
1562 889 1565 904 r

174 985 232 1028 eae
258 970 413 1029 mulieres
436 970 532 1030 dotes
555 987 633 1030 suas
671 971 782 1030 salvas
816 970 950 1030 habere·
975 972 1189 1034 solummodo
1213 974 1355 1034 cedebat
1378 974 1539 1034 creditis

133 1153 135 1157 ,
173 1077 393 1150 expensarum
429 1075 581 1135 funerum
619 1081 654 1136 et
686 1075 887 1155 fiscalibus3
924 1078 1077 1152 quamvis
1112 1080 1240 1139 credita
1275 1055 1400 1140 fiscalia
1434 1091 1516 1140 tuno

70 1180 74 1184 ’
172 1182 366 1256 praevalere
400 1199 466 1241 non
499 1185 645 1260 possent,
670 1181 804 1256 quando
828 1184 906 1242 ante
930 1182 1020 1242 dotis
1052 1185 1326 1246 constitutionem
1351 1185 1416 1244 iam
1441 1189 1516 1247 orta
1553 1227 1556 1232 ,

173 1304 239 1347 non
264 1292 378 1365 essent
402 1288 479 1365 (19).

177 1465 180 1470 1
238 1397 401 1456 Naturam
426 1396 573 1457 habebat
597 1413 685 1458 mere
708 1399 916 1473 personalem
941 1398 1018 1476 (20),
1041 1409 1076 1458 et
1100 1400 1239 1474 proinde
1261 1419 1328 1459 non
1353 1396 1538 1476 compete·'

170 1505 230 1564 bat
253 1504 464 1583 haeredibus,
491 1521 601 1580 neque
624 1505 712 1580 patri
736 1505 892 1581 quamvis
915 1506 1029 1581 agenti
1060 1506 1219 1566 adiuncta
1242 1508 1329 1568 filiae
1361 1524 1513 1582 persona.

171 1612 429 1672 eonoeueeamr
461 1617 575 1672 autem
610 1613 743 1672 mulieri
774 1630 839 1674 non
865 1613 973 1672 solum
996 1613 1129 1688 quaudo
1152 1614 1275 1689 agebat
1304 1615 1446 1674 actione,
1466 1614 1515 1674 rei

170 1721 316 1796 uxoriae,
342 1705 520 1780 sedetiam
544 1721 678 1796 quando
701 1720 825 1796 agebat
844 1721 980 1804 ,actione
997 1737 1040 1780 ex
1056 1721 1231 1799 stipulatu,
1256 1722 1323 1782 imo
1347 1722 1425 1782 dein
1448 1721 1513 1781 fuit

170 1843 366 1888 conoessum
390 1839 429 1886 ut
453 1827 630 1905 privilegio
655 1827 819 1904 gauderet
841 1827 875 1886 in
900 1827 1148 1887 condictionibus
1172 1845 1255 1903 quas
1289 1829 1435 1888 foemina
1458 1829 1513 1888 de·

169 1934 272 1994 bebat
294 1935 474 1994 instituere
498 1935 540 1993 ad
564 1952 618 1995 res
642 1951 720 1994 suas
758 1934 953 2012 exigendas,
977 1951 1064 2010 quae
1099 1935 1228 1996 dotales
1267 1936 1407 1996 effectae
1445 1953 1512 1994 non

168 2032 274 2100 erant
289 2041 344 2100 vel
368 2041 447 2115 quia
477 2041 724 2109 matrimonium
750 2045 958 2101 contractum
982 2041 1073 2101 haud
1105 2041 1235 2120 fuisset,
1259 2043 1315 2102 vel
1339 2059 1399 2116 per
1422 2059 1510 2102 erro·

168 2163 237 2206 rem
263 2146 489 2211 contraxisset
512 2145 588 2225 (21).
1025 2155 1028 2162 ’

618 2364 641 2432 t.
668 2361 719 2421 65.
744 2361 802 2419 ius
825 2360 1071 2422 rusticianam.

234 2572 252 2630 Ι
277 2605 314 2616 -
343 2573 494 2630 Plurima
516 2571 737 2634 inveniuntur
760 2576 890 2632 mutata
912 2574 946 2631 in
971 2573 1182 2650 legislatione
1205 2549 1393 2653 posteriori,
1420 2591 1509 2648 prrae-

165 2681 280 2740 sertim
304 2680 516 2758 iustinianea,
534 2681 644 2754 quoad
657 2666 746 2740 dotis
769 2681 1028 2758 restitutionem
1061 2697 1146 2755 quae
1171 2681 1375 2742 mutationes
1399 2681 1510 2740 onmia

165 2785 353 2862 respiciunt
377 2803 462 2860 quae
501 2787 675 2860 hueusque
714 2787 748 2844 in
785 2788 895 2861 stipite
933 2788 1103 2861 praesenti
1138 2789 1364 2866 exposuimus,
1389 2803 1509 2862 nempe

165 2894 365 2972 subiectum,
390 2893 568 2972 obiectum,
593 2899 736 2972 tempus,
761 2896 910 2955 actiones
934 2899 969 2954 et
987 2897 1067 2971 Jura
1090 2897 1279 2972 coniugum.

232 3001 269 3060 ΙΙ
293 3033 336 3046 -
364 3001 491 3076 ((110αῴ
510 3001 691 3060 subiectam.
717 3035 758 3044 -
799 3001 974 3078 Distingui
1010 3002 1111 3062 debet
1134 3003 1223 3062 inter
1261 2988 1508 3063 matrimonium

164 3108 310 3170 solutum
336 3109 415 3168 viva
437 3125 552 3186 uxore,
577 3109 631 3168 vel
655 3125 714 3183 per
738 3113 879 3168 mortem
903 3109 986 3168 eius.

276 3209 546 3274 1⁰Motri1n0ni0
585 3215 749 3275 dissoluto
773 3216 910 3275 vivente
949 3232 1052 3276 uxore
1077 3249 1117 3258 -
1143 3217 1278 3276 [terum.
1296 3215 1504 3292 distinguere

161 3337 246 3406 opus
270 3325 322 3380 est
346 3321 433 3380 inter
458 3321 569 3380 dotem
595 3321 816 3395 profectitiam
832 3311 866 3380 et
889 3321 1001 3381 dotem
1026 3322 1260 3382 adventitiam.

273 3427 306 3502 (1)
331 3429 402 3487 Dos
424 3427 625 3502 profectitia.
649 3461 694 3470 -—
718 3427 754 3487 Si
777 3428 846 3487 filia
869 3429 921 3488 sui
939 3429 1028 3504 juris
1060 3433 1160 3502 esset,
1190 3429 1264 3503 ipsa
1299 3429 1505 3492 solummodo

163 3534 252 3594 dotis
268 3534 504 3608 repetitionem
519 3518 676 3612 habebat,
694 3538 729 3595 et
745 3551 810 3593 non
827 3537 1045 3610 paterneque
1061 3535 1224 3594 haeredes
1239 3535 1345 3609 petris
1361 3535 1415 3612 (1).
1434 3536 1506 3594 Imo

164 3646 281 3703 contra
297 3647 426 3717 putrem
443 3643 558 3710 eiusve
574 3643 737 3702 haerede-s
749 3659 847 3718 agere
860 3647 1002 3729 poteret,
1019 3643 1047 3704 si
1060 3643 1120 3702 dos
1131 3643 1173 3702 ad
1187 3645 1313 3718 patrem
1328 3643 1506 3702 haeredem

162 3768 182 3810 a
205 3750 323 3810 marito
346 3749 540 3810 institutum
565 3750 776 3825 pervenisset
799 3749 854 3826 (2).
872 3751 916 3810 nt
940 3767 978 3810 eo
1004 3767 1215 3826 progressum
1239 3754 1301 3831 est,
1323 3751 1362 3810 ut
1386 3751 1504 3810 mulier

161 3875 222 3932 per
245 3861 383 3916 mortem
409 3857 524 3934 patris,
548 3858 600 3917 sui
618 3857 708 3932 juris
731 3857 861 3934 effecta,
887 3860 1001 3932 posset
1016 3859 1058 3918 ab
1082 3857 1284 3918 haeredibus
1308 3858 1412 3932 patris
1437 3859 1504 3916 exi·

160 3979 240 4041 gere
259 3965 354 4023 illam
368 3965 467 4025 dotis
491 3965 701 4039 profectitise
725 3968 852 4038 partem
878 3972 963 4039 quae
986 3966 1050 4025 iarn
1075 3965 1182 4024 eidem
1207 3966 1287 4026 vivo
1310 3965 1431 4024 fuisset
1451 3969 1503 4024 so·
1574 3971 1576 3978 '

160 4069 233 4130 luta
247 4071 313 4150 (3);
337 4088 466 4132 necnon
483 4073 523 4130 ut
541 4105 579 4114 -
597 4074 624 4130 si
641 4074 815 4145 postquam
843 4071 1000 4131 iudiciuin
1012 4069 1059 4130 'de
1077 4073 1155 4131 clete
1171 4072 1389 4150 restituenda,
1414 4073 1504 4146 quod
1521 4121 1531 4135 ,s

182 4259 187 4272 l

255 4280 361 4348 illst,
383 4285 407 4348 53
429 4285 471 4344 15,
503 4285 527 4346 1,
550 4296 636 4345 xx1v,
656 4283 719 4343 331.
741 4283 756 4330 6
780 4283 809 4334 C.
904 4284 941 4344 (1)
963 4281 980 4333 l.
1002 4283 1046 4344 22,
1067 4284 1093 4344 5,
1114 4297 1197 4344 xxiv,
1224 4283 1284 4347 331.
1306 4283 1349 4345 34,
1371 4283 1396 4334 5.
1419 4295 1505 4334 xxxi.

47 4409 50 4420 Ι
156 4366 199 4416 VI,
259 4354 305 4404 ·l.
326 4357 339 4402 1
361 4354 391 4405 O.
414 4367 444 4417 v,
466 4357 510 4404 21.
850 4353 928 4412 Quod
944 4355 993 4416 jus
1012 4354 1152 4402 transibat
1171 4355 1207 4404 sd
1235 4369 1300 4403 suos
1332 4354 1446 4403 heredes
1479 4355 1508 4414 (l.

142 4417 146 4426 ’
283 4426 303 4474 l.
325 4427 351 4476 9.
374 4425 404 4474 O.
426 4438 456 4485 ν,
480 4426 522 4476 12.
850 4439 907 4482 un,
930 4429 945 4472 1
966 4425 996 4473 0.
1019 4437 1049 4488 v,
1073 4425 1125 4491 13.)

284 4497 302 4548 l.
320 4496 679 4560 19(11.111,(1,5;1.1111.Ο.
697 4510 749 4557 rii,
767 4497 809 4546 74.
901 4495 939 4560 (2)
958 4496 977 4544 l.
1000 4497 1043 4554 ll,
1066 4509 1153 4558 xxiv,
1176 4497 1201 4551 3.

282 4569 302 4617 1.
323 4570 367 4625 74,
389 4581 465 4618 xxiii
487 4605 493 4627 ,
515 4569 580 4624 3·,1.
601 4569 644 4630 22,
668 4566 709 4630 13,
726 4581 810 4630 xxiv,
901 4566 940 4632 (3)
959 4568 976 4615 1.
996 4567 1039 4632 66,
1062 4568 1076 4615 2
1097 4567 1134 4618 ib.

154 4639 232 4704 3311.
272 4641 297 4703 7,
317 4637 379 4690 1-19
399 4655 441 4703 pr.
463 4653 536 4701 xnu,
558 4641 584 4689 5.
