3712 5346
349 307 400 368 224
438 349 440 354 .
575 375 579 382 .
724 321 798 360 raas
816 321 955 360 secusne
975 337 1007 346 —
1030 323 1070 365 nn
1088 322 1165 361 uuna
1184 323 1333 361 usuraria

972 385 975 388 >
1035 387 1037 406 .

371 495 373 502 ,
406 435 571 494 ·Ia·mvero
595 433 715 508 prioris
738 437 871 512 generis
894 437 982 497 bona
1005 439 1114 512 palam
1130 441 1184 498 est
1206 425 1331 498 nnllam
1354 414 1513 500 babuisse
1538 458 1611 498 eum
1630 457 1696 500 ma·

351 539 508 600 trimonio
527 540 740 621 relationem
764 542 806 602 de
830 529 912 617 ipsis
942 544 1063 610 ,mulier
1086 561 1146 618 pro
1169 544 1267 604 libito
1305 544 1515 620 disponebat.
1540 547 1695 606 Alterius

350 647 482 722 generis
505 647 593 705 bona
615 649 803 708 cremaris
827 649 998 725 prohibita
1018 649 1159 710 fuerunt
1182 652 1320 725 propter
1348 652 1534 725 periculum
1557 668 1599 711 ne
1623 659 1694 726 spe·-

123 733 125 738 ’
221 743 223 748 ’
303 779 304 782 “
350 754 400 812 cie
434 755 542 813 mutui
580 754 702 814 amoris
737 756 897 832 coniuges
934 756 1078 816 invicem
1118 757 1352 834 spoliarentur.
1393 759 1537 832 Quidam
1579 747 1692 819 tamen

348 841 604 935 excipiebantur
627 877 734 944 capsus,
758 863 793 921 in
817 863 942 938 quibus
977 863 1167 924 huiusmodi
1200 865 1398 926 donationes
1421 867 1509 927 inter
1533 866 1692 943 coniuges

347 957 623 1046 admittebantur,
649 969 704 1030 vel
727 970 894 1043 quatenus
917 969 959 1029 ab
983 969 1081 1030 initio
1118 971 1251 1032 validae
1286 976 1512 1048 censerentur,
1536 974 1591 1033 vel
1614 989 1691 1048 qua·

347 1078 447 1134 tenus
472 1077 582 1135 tractu
608 1059 771 1150 temporis
791 1077 1068 1138 convalescerent
1089 1075 1148 1158 (b).

744 1403 808 1474 oe
837 1403 956 1475 lune
986 1403 1296 1476 roresrnrrs
1328 1371 1331 1377 ’

945 1559 1085 1584 ...σ-ί-ο

815 1745 998 1792 rorasrns
1022 1743 1235 1792 mantranrs.

969 1945 1067 2006 XXI.
1155 1985 1157 1989 -

366 2173 368 2178 ·
410 2161 450 2218 ln
475 2159 610 2234 speciali
636 2154 781 2220 familiae
804 2177 960 2220 romanae
984 2155 1225 2221 constitutione
1249 2159 1292 2237 (a)
1316 2177 1399 2219 uxor
1423 2160 1590 2235 duplicem
1613 2176 1688 2219 con·

342 2267 503 2326 ditionem
526 2268 651 2328 habere
675 2270 936 2342 poterat-relate
959 2269 1002 2327 ad
1026 2267 1192 2328 maritum.
1225 2269 1289 2327 Vel
1314 2273 1386 2326 erat
1417 2268 1506 2342 socia
1537 2268 1687 2326 eiusdem

343 2375 376 2432 in
402 2375 645 2434 corisuetudine
666 2375 767 2452 vitae,
791 2375 871 2449 quin
895 2378 1009 2435 tamen
1044 2374 1204 2435 familiam
1237 2374 1480 2451 ingrederetur,
1505 2375 1615 2433 adbuc
1649 2374 1686 2432 in

300 2533 301 2536 ,
342 2481 477 2556 propria
498 2480 625 2540 familia
647 2497 868 2554 perseverans
890 2483 958 2540 'aut
986 2482 1036 2545 sui
1060 2481 1143 2540 iuris
1167 2481 1326 2558 existens3
1351 2469 1404 2540 vel
1422 2483 1494 2540 erat
1517 2484 1686 2554 tamquam

343 2587 410 2646 filia
434 2587 545 2646 mariti
569 2588 704 2666 proprii,
729 2587 825 2647 cuius
848 2588 1102 2664 ingrediebatur
1125 2588 1294 2647 familiam.
1358 2601 1360 2604 ·

390 2795 430 2862 (b)
447 2796 649 2859 Interpretatio
668 2797 718 2846 SC.
740 2796 834 2844 Severi
855 2793 895 2866 (a.
917 2797 990 2857 206),
1029 2797 1225 2852 conciliatione
1242 2855 1244 2860 Ι
1262 2797 1508 2859 fragmentorum„
1531 2799 1692 2862 scriptores

337 2883 392 2930 qno
412 2869 577 2925 (lunationes
605 2869 679 2917 inter
697 2869 831 2931 coniuges
849 2869 994 2917 confirma·
1030 2869 1197 2917 dividuntur
1216 2870 1244 2916 in
1263 2869 1334 2916 diras
1353 2870 1518 2918 sententias:
1539 2884 1604 2930 rina,
1617 2884 1691 2931 quae

339 2941 441 2988 bantur
454 2941 475 2987 si
496 2940 613 3002 donans,
634 2941 703 3001 quin
721 2941 895 2988 veluntatem
915 2955 993 2988 suam
1031 2939 1081 2988 SC.
1102 2941 1138 2988 ad
1157 2941 1322 2988 donationes
1341 2939 1480 3001 perfectas
1490 2941 1599 2989 reducit
1611 2941 1691 3002 (Vin-

337 3013 512 3070 retractaret,
529 3013 655 3059 mortuus
674 3014 758 3074 esset,
778 3012 935 3072 quaestioni
954 3011 993 3058 lo·
1029 3011 1103 3071 nius,
1137 3011 1261 3071 Potbicr,
1294 3011 1393 3069 Gluok,
1424 3013 1605 3074 Vangerow);
1632 3012 1690 3060 alia

337 3096 397 3129 cum
418 3083 542 3142 praebet.
563 3082 713 3141 Quaeritur
731 3083 871 3142 nimirum,
892 3097 929 3130 an
942 3082 991 3130 SC.
1031 3097 1102 3143 quac
1121 3083 1156 3130 ad
1175 3097 1270 3138 carnes
1292 3081 1605 3131 donationes'extendit
1624 3083 1688 3144 (ra-

336 3167 392 3202 non
412 3153 499 3200 solum
519 3154 671 3214 respiceret
689 3153 854 3202 donationes
878 3154 992 3202 realiter
1028 3155 1086 3212 ber,
1110 3153 1265 3214 Duarenus,
1288 3154 1404 3214 Puebta,
1426 3151 1562 3216 Savigny,
1591 3153 1689 3203 Wind-

337 3223 485 3286 poriectas,
516 3225 564 3272 sed
592 3225 790 3286 promissiones
817 3239 927 3286 quoque
946 3225 993 3272 do-
1030 3223 1144 3290 scheid).

335 3295 428 3343 nandi.
458 3295 618 3344 Difficultas
646 3296 736 3344 oritur
754 3311 789 3344 ex
809 3296 916 3344 duobus
935 3295 992 3346 fra·
1082 3296 1145 3344 Alia
1173 3297 1301 3357 quaestio
1332 3297 1446 3359 exurgit
1474 3310 1510 3343 ex
1529 3296 1635 3358 legari.
1655 3297 1684 3356 5,

335 3367 457 3427 gmentis
476 3367 599 3414 ciusdem
627 3367 760 3429 Ulpiani:
786 3364 992 3431 11.23332,1‚
1030 3380 1114 3423 xxrv.
1135 3369 1159 3427 1,
1182 3381 1253 3428 quae
1281 3367 1422 3416 contraria
1451 3368 1562 3415 videtur
1581 3368 1600 3416 l.
1618 3365 1686 3428 ‘7,4

334 3448 421 3496 xer,
445 3439 473 3494 lr
491 3452 606 3499 quornm
630 3439 658 3486 in
678 3439 765 3501 primo
785 3439 825 3487 uti
846 3441 923 3486 recta
942 3438 990 3486 ad·
1026 3439 1168 3498 ib.„circa
1187 3438 1310 3486 valorem
1330 3439 1489 3496 donationis
1508 3439 1557 3500 p'er
1575 3440 1690 3487 contra.

243 3540 245 3544 ψ
333 3510 505 3570 probabatur
524 3509 663 3557 sententia
691 3509 838 3570 Papiniani
861 3501 998 3571 putantis¹
1027 3501 1102 3558 ctum
1122 3509 1206 3557 titulo
1226 3521 1342 3558 oneroso
1362 3510 1520 3560 simulatas-2

335 3578 385 3628 SC.
408 3577 744 3642 respexissesolummodo
757 3581 921 3628 donationes
934 3583 990 3628 tra·
1081 3579 1120 3647 (a)
1140 3581 1192 3640 dui
1221 3582 1249 3628 in
1278 3581 1414 3643 originem
1433 3584 1574 3628 vetustam
1603 3579 1685 3629 farni-

334 3651 439 3700 ditione
457 3651 605 3713 perfectam
636 3650 672 3703 in.
684 3651 772 3700 altero
790 3665 886 3700 omnes
905 3652 990 3700 dona·
1026 3652 1081 3700 liae
1100 3651 1242 3702 subtiliter
1260 3653 1452 3714 inspexerunt,
1465 3651 1618 3700 cotaudem
1639 3652 1686 3703 de·

333 3722 424 3770 tiones
444 3723 495 3770 sub
514 3722 697 3784 dispositione
716 3723 766 3773 SC.
788 3724 898 3772 venisse
918 3723 989 3772 dice·
1026 3725 1105 3770 venti
1125 3725 1199 3786 sunt,
1219 3724 1499 3784 ut·quernadrnodrrm
1512 3720 1685 3784 temporibus

335 3795 447 3842 bantur.
1026 3795 1227 3856 posterioribus
1246 3795 1369 3842 familiae
1379 3794 1588 3858 fundamentum
1603 3797 1686 3856 pater

386 3863 566 3914 Windscheid
585 3865 717 3926 opinatur
730 3864 880 3927 Ulpianum
894 3879 993 3914 revera
1029 3866 1122 3914 factus
1151 3868 1202 3924 est,
1233 3867 1274 3913 ita
1302 3869 1330 3914 et
1362 3864 1461 3927 priscis
1480 3865 1683 3914 mater'fuerit.

334 3935 386 3983 sibi
406 3937 619 3984 contradixisse.
635 3937 747 3984 Bremer
766 3951 781 3984 e
800 3939 898 3984 contra
912 3951 990 3998 prae·
1026 3929 1102 3998 llige
1121 3940 1244 3998 systema
1263 3936 1401 3984 familiare
1420 3937 1617 3985 matriarcatns
1636 3951 1685 3986 an·
1774 3939 1776 3946 '

281 4069 283 4072 ,
333 4003 560 4056 betsolutionem
578 4007 749 4068 historicam,
771 4021 899 4056 asserens
918 4008 992 4070 quod
1028 4009 1111 4056 teivit
1130 4009 1276 4070 systemati
1296 4009 1494 4069 patriarcatus.
1538 4063 1540 4068 ¹

333 4077 384 4130 SC.
404 4077 510 4138 Severi,
531 4078 619 4126 latum
638 4093 711 4127 anne
731 4079 830 4127 ultimo
849 4079 926 4127 vitae
942 4078 988 4127 IC.
1081 4080 1205 4128 Plurima
1232 4078 1366 4128 instituta
1390 4080 1507 4128 iuridica
1526 4078 1621 4141 populi
1641 4092 1685 4126 re-

331 4148 490 4210 Papiniani,
511 4150 679 4211 respiciebat
697 4164 795 4213 reapse
820 4150 991 4202 selummodo
1027 4151 1104 4198 mani
1121 4165 1157 4198 ex
1177 4151 1358 4199 matriarcatu
1377 4150 1527 4213 repetenda
1537 4150 1682 4212 videntur,

332 4219 497 4268 donationes
528 4221 676 4283 perfectas,
710 4224 738 4270 et
766 4222 830 4269 hinc
849 4221 868 4272 l.
889 4222 939 4286 233
957 4225 988 4270 at
1025 4223 1071 4285 qui
1104 4222 1221 4284 vigebat
1249 4237 1334 4284 penes
1361 4223 1494 4284 populum
1520 4221 1682 4280 Hetruriao,

332 4291 394 4338 dein
420 4291 659 4354 inrisprudentiae
679 4307 730 4354 cpe
747 4293 784 4340 ad
803 4307 898 4341 omnes
918 4293 987 4341 alias
1024 4293 1098 4341 unde
1116 4290 1355 4354 processit'tribus
1371 4295 1502 4354 Lucerum,
1517 4306 1573 4341 una
1587 4307 1622 4341 ex
1636 4289 1681 4356 iis,

332 4361 497 4410 donationes
516 4362 566 4414 SC.
581 4363 728 4425 dispositio
748 4366 865 4412 extensa
884 4363 948 4426 fuit,
961 4367 988 4413 et
1025 4379 1096 4426 quae
1115 4365 1260 4412 exordium
1289 4365 1391 4412 Itomae
1419 4365 1505 4412 dedit.
1533 4363 1684 4412 Hetruriao

333 4433 397 4480 bino
428 4433 447 4483 l.
481 4434 524 4494 32,
556 4435 581 4484 1.
615 4435 703 4494 Quam
730 4435 989 4497 interpretationem
1027 4438 1120 4484 autern
1139 4450 1220 4498 gens,
1242 4437 1322 4484 iuxta
1341 4435 1491 4499 Bachofen‚
1513 4449 1547 4482 ex
1567 4434 1634 4487 Asia
1653 4434 1683 4482 in

325 4501 509 4552 'extensivam
528 4505 701 4554 lastinianus
721 4521 770 4554 suo
790 4508 914 4569 tempore
927 4521 990 4554 con·
1028 4504 1140 4556 Italiam
1159 4507 1313 4558 deseendrt.
1570 4517 1573 4525 ’

331 4572 473 4624 firmavit]
1079 4577 1234 4627 Secundum
1247 4578 1317 4628 bano
1331 4579 1499 4634 sententiam
1509 4577 1538 4625 in
1548 4576 1684 4626 vetustis-

388 4647 528 4710 Quidquid
559 4648 597 4697 sit
625 4649 658 4696 de
689 4648 741 4696 hac
769 4647 936 4697 difficultate
961 4649 989 4697 in
1029 4649 1098 4698 sima
1117 4649 1252 4698 societate
1265 4651 1354 4712 primo
1373 4648 1467 4712 viguit
1486 4661 1601 4698 sexuum
1621 4661 1685 4710 pro—
