3710 5346
8 4414 9 4422 ἵ
53 4439 56 4442 ·
139 4432 198 4478 tum
213 4443 261 4478 2111
275 4443 411 4477 consensu
434 4427 598 4490 indigebam
613 4428 720 4491 neptis,
727 4441 792 4474 non:

418 319 516 357 aanor
535 321 556 356 1.
577 319 617 356 ua
636 319 770 357 morrona
790 317 980 360 srousacrum
1000 319 1037 374 11
1056 313 1245 357 narciacum
1378 303 1382 308 ’
1470 309 1504 356 45

539 390 543 408 .

154 451 326 515 consensu*
350 436 457 510 patris
483 433 552 515 (14)
580 437 635 496 vel
663 436 788 496 matris
810 438 845 495 et
868 437 1130 525 propinquorum
1170 435 1238 514 (15)
1261 469 1304 479 -—
1328 437 1364 497 Si
1400 437 1501 523 alieni¹

145 543 245 620 juris,
259 543 294 602 in
317 559 439 618 genere
467 529 701 618 requirebatur
725 559 908 604 consensus
931 559 1055 620 eorum,
1080 543 1143 603 sub
1168 560 1308 617 quorum
1332 547 1500 618 potestate

152 653 249 707 erant
272 647 352 725 (16).
377 650 543 708 Attamen
562 649 619 708 hic
642 666 775 725 quoque
799 653 872 710 erat
895 633 1084 708 differentia
1099 649 1189 708 inter
1206 651 1370 708 masculos
1393 653 1429 710 et
1451 651 1497 710 fe·

54 744 57 763 '
152 754 268 818 minas.
295 755 414 827 Quoad
439 756 580 815 feminas
603 757 691 832 patri
714 759 811 816 tauta
836 755 1049 830 competebat
1072 757 1266 840 auctoritas,
1284 758 1331 832 ut,
1348 756 1407 816 illo
1430 756 1499 831 qui-

151 861 226 921 dem
253 862 400 938 eligente
423 880 592 940 sponsum,
618 861 685 922 11112
710 879 775 922 nou
799 865 940 924 haberet
956 863 1176 924 dissentiendi
1202 863 1408 940 facultatem,
1433 864 1498 922 nisi
1588 892 1592 901 .

151 971 326 1046 indignum
351 972 500 1032 moribus
516 975 715 1046 turpemque
731 975 838 1053 pater,
850 971 1007 1048 elegisset
1027 973 1077 1045 (11
1083 970 1101 1044 );
1127 970 1298 1030 sufficiens
1320 988 1400 1030 vero
1425 973 1498 1030 erat

99 1129 107 1134 ,
150 1078 194 1136 ad
218 1078 428 1137 validitatem
454 1078 655 1137 matrimonii
681 1081 719 1137 ut
742 1082 837 1152 pater
860 1096 926 1136 non,
951 1077 1210 1137 contradixisset
1228 1071 1304 1159 (18).
1329 1078 1357 1136 Ε
1382 1081 1499 1137 contra

151 1185 262 1260 quoad
287 1187 452 1245 masculos
476 1186 564 1260 patri
598 1203 664 1244 non
701 1186 914 1259 competebat
937 1185 1128 1268 huiusmodi
1153 1185 1346 1262 auctoritas,
1371 1190 1405 1243 et
1429 1185 1498 1242 nul-

150 1287 202 1352 lae
226 1296 323 1352 erant
345 1291 485 1366 nuptiae
509 1293 537 1352 si
561 1293 650 1352 filius
673 1293 887 1360 dissensisset
910 1293 998 1371 (19):
1024 1309 1066 1357 ex
1089 1294 1196 1352 altera
1219 1297 1313 1366 parte
1339 1309 1417 1354 vero
1440 1309 1496 1352 ne·

150 1400 317 1459 cassarius
336 1403 415 1458 erat
437 1416 616 1474 expressus
639 1415 822 1460 consensus
845 1399 951 1474 patris
975 1393 1051 1481 (20),
1490 1467 1492 1470 ,

159 1549 170 1563 ..
218 1508 321 1566 Pater
344 1507 473 1566 versari
496 1509 628 1582 poterat
666 1507 701 1564 iu
739 1505 863 1584 surore,
888 1507 943 1564 vel
966 1506 1087 1566 absens
1111 1507 1268 1564 essesut
1290 1505 1325 1563 in
1357 1505 1496 1580 captivi·

149 1617 233 1674 tate.
256 1614 298 1671 Iu
323 1629 402 1672 casu
425 1613 615 1673 (lementiae
639 1613 828 1687 antiquitus
851 1590 985 1671 filiabus
1008 1628 1199 1670 concessum
1226 1613 1299 1669 erat
1324 1611 1498 1670 matrimo-

149 1721 241 1778 nium
267 1720 372 1779 libere
396 1721 594 1779 contrahere
619 1720 694 1802 (21).
719 1720 786 1779 Pro
811 1719 888 1778 filiis
927 1719 1162 1794 requirebatur
1186 1718 1357 1792 imperiale
1381 1719 1496 1776 rescri-

149 1831 256 1902 ptum.
283 1827 417 1888 Marcus
454 1824 616 1886 Aurelius
655 1827 833 1886 constituit
867 1827 956 1902 quod
981 1826 1147 1885 dementis
1170 1825 1240 1903 filii,
1263 1825 1335 1884 sive
1360 1825 1498 1884 maseuli
1583 1863 1584 1866 κ

149 1934 222 1993 sive
245 1934 421 2011 foeminae,
460 1933 613 1994 inaudito
652 1934 802 2008 principe
837 1935 976 2008 possent
1009 1933 1224 2008 contrahere3
1250 1931 1349 2010 quod,
1380 1935 1497 1992 exorto

149 2041 253 2101 dubio
277 2041 364 2100 circa
387 2041 474 2100 filios
496 2041 625 2119 furiosi,
650 2041 859 2101 Iustinianus
887 2041 985 2100 etiam
1011 2039 1052 2100 ad
1077 2040 1138 2098 hos
1162 2030 1336 2114 ampliavit
1362 2034 1428 2120 (22)
1455 2071 1495 2083 ·-

149 2150 190 2209 In
214 2166 294 2209 casu
318 2150 490 2210 absentiae
502 2149 557 2208 vel
570 2127 960 2224 captivitatisreceptum
979 2153 1031 2207 est
1047 2147 1179 2224 liberos,
1204 2147 1317 2222 elapso
1341 2145 1495 2223 triennio,

148 2259 240 2316 reete
264 2257 511 2316 matrimonium
536 2257 733 2334 contrahere
756 2271 855 2330 posse
882 2249 970 2332 (t3t3
996 2253 1085 2328 quod
1109 2253 1137 2312 si
1161 2253 1260 2311 etiam
1296 2255 1397 2325 antea
1422 2269 1495 2310 con·

150 2365 327 2443 traxerint,
342 2364 589 2424 matrimonium
602 2349 862 2440 adprobabatur,
877 2361 1056 2428 dummodo
1072 2377 1144 2419 eam
1161 2361 1215 2419 vel
1232 2376 1308 2418 eum
1326 2359 1494 2436 duxerint,

149 2488 233 2546 quos
257 2475 384 2532 certum
410 2475 499 2530 esset
523 2474 650 2546 patrem
676 2487 742 2530 non
766 2469 1019 2546 repudiaturum
1044 2467 1121 2544 (24).
1199 2467 1200 2474 ’
1476 2461 1478 2465 ’

217 2579 330 2642 Patris
358 2579 489 2639 (lenium
515 2595 698 2638 consensus
721 2578 804 2638 adeo
828 2579 1038 2636 necessarius
1063 2578 1134 2634 erat
1157 2591 1216 2648 pro
1241 2573 1319 2632 filiis
1343 2573 1405 2634 sub
1440 2589 1495 2647 po·

148 2689 283 2766 testate,
308 2691 347 2746 ut
369 2687 557 2762 antiquitus
581 2680 729 2764 nuptiae,
755 2702 793 2744 eo
817 2702 883 2744 non
901 2685 1080 2758 existente,
1097 2679 1188 2740 baud
1205 2682 1493 2756 contraherentur3

147 2793 303 2866 quamvis
326 2809 508 2852 consensus
543 2793 709 2867 posterior
733 2791 838 2866 patris
862 2769 1109 2849 matrimonium
1147 2787 1294 2846 firmaret
1317 2803 1376 2861 pro
1401 2785 1494 2844 ,futu-

79 2977 82 2982 .
147 2917 185 2960 ro
209 2899 288 2976 (25).
314 2900 409 2958 Dein
427 2903 538 2959 tamen
563 2902 734 2973 receptum
760 2903 822 2976 est,
850 2901 888 2955 ut
912 2896 968 2970 qui
991 2895 1116 2954 liberos
1139 2893 1262 2951 iniuria
1279 2892 1404 2951 nubere
1421 2909 1512 2968 pro·¹

65 2993 77 2999 ’
134 2997 339 3066 ’6161122221
364 3023 422 3082 per
445 3006 664 3082 magistratus
688 3006 889 3081 cogerentur
911 3019 969 3062 eos
991 2999 1038 3059 in'
1067 3000 1325 3060 matrimonium
1353 2999 1492 3058 colloca·

147 3129 184 3172 re
208 3112 286 3189 (26).
467 3101 469 3106 ’

261 3217 289 3298 c)
318 3220 517 3280 Gennadium
544 3251 582 3261 *-
608 3221 689 3302 Ilrat
706 3221 766 3296 jus
803 3219 944 3294 legitimi
969 3216 1170 3276 matrimonii
1195 3232 1255 3274 seu
1279 3214 1392 3274 uxoris
1411 3194 1489 3290 jure

148 3325 322 3386 ducendae
345 3327 489 3386 facultas
513 3328 588 3402 (27),
614 3325 780 3385 Oormubii
804 3325 938 3383 nomine
972 3339 1087 3382 omnes
1111 3321 1294 3382 ‘veniebant
1331 3319 1489 3394 multipli-

150 3449 205 3511 ces
220 3433 450 3512 conditiones,
476 3450 569 3508 quas,
594 3431 850 3508 praesupposita
873 3429 1053 3508 generandi
1078 3429 1495 3504 22112111212211112221111-7

147 3539 258 3614 posito
282 3555 457 3618 consensu,
482 3542 536 3600 lex
560 3557 770 3600 romanorum
794 3539 988 3616 requirebat
1011 3537 1054 3596 ad
1076 3536 1158 3596 iusti
1182 3535 1384 3595 matrimonii
1407 3534 1489 3592 vali·

148 3647 299 3708 ditatam.
326 3649 419 3722 Quae
443 3649 577 3722 quidem
603 3648 814 3707 conditiones
844 3647 898 3706 vel
922 3646 956 3703 in
980 3659 1102 3720 genere
1136 3659 1310 3719 personam
1336 3657 1490 3716 capacem

889 3993 1315 4061 (1122111122

987 4035 1402 4132 1,,,’11111,1.121,2.

137 4026 141 4036 =
196 4003 292 4063 (14.

208 4074 290 4123 1⁰
935 4066 945 4132 l

936 4142 983 4200 ).
1006 4139 1088 4188 250.
1111 4139 1148 4185 ib.

935 4284 943 4341 )

153 4070 796 4206 (1661111112,Ρ2111.11,19,2;111,1

61 4289 68 4295 .
141 4216 236 4334 1,103
257 4215 338 4278 11.2;
359 4181 795 4277 3;16,1;18;35,11111,2,

901 4000 914 4044 l

887 4070 914 4132 (2

889 4138 915 4203 (2

889 4213 915 4271 (2

188 4286 276 4348 ma
297 4285 327 4334 O.
344 4285 794 4347 1,111212111111111(1226212112
886 4285 895 4343 (

887 4427 895 4483 (

918 3999 933 4045 9

917 4069 932 4116 0

920 4142 932 4186 1

919 4212 933 4258 2

917 4283 931 4330 3

1004 4226 1027 4258 e.

898 4213 1322 4344 2)1.2,1,10111112

898 4353 980 4418 aa)
1003 4320 1040 4400 11’
1055 4353 1093 4400 11,

899 4427 942 4484 25)
976 4419 1488 4485 1,.ρ11.1,16;1.13,6,1111111

919 4496 983 4562 6)1
1007 4461 1203 4556 1111111112.

918 4565 945 4634 7)
964 4567 1026 4629 Ulp.
1053 4579 1082 4614 v.
1105 4566 1139 4628 33
1172 4565 1249 4616 Serv.
1272 4565 1305 4611 od
1330 4563 1400 4624 Virp
1423 4563 1488 4610 Aea.

140 4286 230 4418 aldssue
244 4358 356 4428 viveret
360 4371 473 4420 ,nepos
492 4371 527 4404 ex
540 4356 597 4404 filio
619 4359 677 4404 tum
696 4359 745 4418 pat
747 4356 794 4415 ris,

141 4499 200 4562 par.
222 4501 276 4549 71,
298 4513 319 4562 1,
341 4501 419 4558 11;1
411 4498 530 4558 1,1111,
519 4501 653 4559 1,,11111
675 4501 701 4548 2.
847 4497 916 4563 (2

193 4568 250 4635 (17)
271 4572 288 4619 1.
314 4573 558 4632 12,1,11111,1.
889 4567 915 4632 (2

194 4607 919 4709 (12)].’1,111.;1.250.1.4.173.
